%YAML 1.1
%TAG !u! tag:unity3d.com,2011:
--- !u!1 &101670
GameObject:
  m_ObjectHideFlags: 1
  m_PrefabParentObject: {fileID: 0}
  m_PrefabInternal: {fileID: 100100000}
  serializedVersion: 4
  m_Component:
  - 4: {fileID: 470940}
  m_Layer: 0
  m_Name: Justin:LeftLeg
  m_TagString: Untagged
  m_Icon: {fileID: 0}
  m_NavMeshLayer: 0
  m_StaticEditorFlags: 0
  m_IsActive: 1
--- !u!1 &101766
GameObject:
  m_ObjectHideFlags: 1
  m_PrefabParentObject: {fileID: 0}
  m_PrefabInternal: {fileID: 100100000}
  serializedVersion: 4
  m_Component:
  - 4: {fileID: 421392}
  m_Layer: 0
  m_Name: Justin:RightUpLeg
  m_TagString: Untagged
  m_Icon: {fileID: 0}
  m_NavMeshLayer: 0
  m_StaticEditorFlags: 0
  m_IsActive: 1
--- !u!1 &101872
GameObject:
  m_ObjectHideFlags: 1
  m_PrefabParentObject: {fileID: 0}
  m_PrefabInternal: {fileID: 100100000}
  serializedVersion: 4
  m_Component:
  - 4: {fileID: 435930}
  m_Layer: 0
  m_Name: Justin:RightHandMiddle3
  m_TagString: Untagged
  m_Icon: {fileID: 0}
  m_NavMeshLayer: 0
  m_StaticEditorFlags: 0
  m_IsActive: 1
--- !u!1 &101900
GameObject:
  m_ObjectHideFlags: 1
  m_PrefabParentObject: {fileID: 0}
  m_PrefabInternal: {fileID: 100100000}
  serializedVersion: 4
  m_Component:
  - 4: {fileID: 448956}
  m_Layer: 0
  m_Name: Justin:LeftHandIndex3
  m_TagString: Untagged
  m_Icon: {fileID: 0}
  m_NavMeshLayer: 0
  m_StaticEditorFlags: 0
  m_IsActive: 1
--- !u!1 &102650
GameObject:
  m_ObjectHideFlags: 1
  m_PrefabParentObject: {fileID: 0}
  m_PrefabInternal: {fileID: 100100000}
  serializedVersion: 4
  m_Component:
  - 4: {fileID: 463342}
  m_Layer: 0
  m_Name: Justin:Spine
  m_TagString: Untagged
  m_Icon: {fileID: 0}
  m_NavMeshLayer: 0
  m_StaticEditorFlags: 0
  m_IsActive: 1
--- !u!1 &104498
GameObject:
  m_ObjectHideFlags: 1
  m_PrefabParentObject: {fileID: 0}
  m_PrefabInternal: {fileID: 100100000}
  serializedVersion: 4
  m_Component:
  - 4: {fileID: 488674}
  m_Layer: 0
  m_Name: Justin:LeftHandPinky2
  m_TagString: Untagged
  m_Icon: {fileID: 0}
  m_NavMeshLayer: 0
  m_StaticEditorFlags: 0
  m_IsActive: 1
--- !u!1 &107550
GameObject:
  m_ObjectHideFlags: 1
  m_PrefabParentObject: {fileID: 0}
  m_PrefabInternal: {fileID: 100100000}
  serializedVersion: 4
  m_Component:
  - 4: {fileID: 444516}
  m_Layer: 0
  m_Name: Justin:RightShoulder
  m_TagString: Untagged
  m_Icon: {fileID: 0}
  m_NavMeshLayer: 0
  m_StaticEditorFlags: 0
  m_IsActive: 1
--- !u!1 &107744
GameObject:
  m_ObjectHideFlags: 1
  m_PrefabParentObject: {fileID: 0}
  m_PrefabInternal: {fileID: 100100000}
  serializedVersion: 4
  m_Component:
  - 4: {fileID: 475654}
  m_Layer: 0
  m_Name: Justin:RightHandMiddle2
  m_TagString: Untagged
  m_Icon: {fileID: 0}
  m_NavMeshLayer: 0
  m_StaticEditorFlags: 0
  m_IsActive: 1
--- !u!1 &108544
GameObject:
  m_ObjectHideFlags: 1
  m_PrefabParentObject: {fileID: 0}
  m_PrefabInternal: {fileID: 100100000}
  serializedVersion: 4
  m_Component:
  - 4: {fileID: 448988}
  m_Layer: 0
  m_Name: Justin:LeftHandMiddle2
  m_TagString: Untagged
  m_Icon: {fileID: 0}
  m_NavMeshLayer: 0
  m_StaticEditorFlags: 0
  m_IsActive: 1
--- !u!1 &108712
GameObject:
  m_ObjectHideFlags: 1
  m_PrefabParentObject: {fileID: 0}
  m_PrefabInternal: {fileID: 100100000}
  serializedVersion: 4
  m_Component:
  - 4: {fileID: 482492}
  m_Layer: 0
  m_Name: Justin:TongueBack
  m_TagString: Untagged
  m_Icon: {fileID: 0}
  m_NavMeshLayer: 0
  m_StaticEditorFlags: 0
  m_IsActive: 1
--- !u!1 &108998
GameObject:
  m_ObjectHideFlags: 1
  m_PrefabParentObject: {fileID: 0}
  m_PrefabInternal: {fileID: 100100000}
  serializedVersion: 4
  m_Component:
  - 4: {fileID: 425974}
  m_Layer: 0
  m_Name: Justin:RightHandThumb3
  m_TagString: Untagged
  m_Icon: {fileID: 0}
  m_NavMeshLayer: 0
  m_StaticEditorFlags: 0
  m_IsActive: 1
--- !u!1 &109496
GameObject:
  m_ObjectHideFlags: 1
  m_PrefabParentObject: {fileID: 0}
  m_PrefabInternal: {fileID: 100100000}
  serializedVersion: 4
  m_Component:
  - 4: {fileID: 430048}
  m_Layer: 0
  m_Name: Justin:LeftUpLeg
  m_TagString: Untagged
  m_Icon: {fileID: 0}
  m_NavMeshLayer: 0
  m_StaticEditorFlags: 0
  m_IsActive: 1
--- !u!1 &110526
GameObject:
  m_ObjectHideFlags: 1
  m_PrefabParentObject: {fileID: 0}
  m_PrefabInternal: {fileID: 100100000}
  serializedVersion: 4
  m_Component:
  - 4: {fileID: 456536}
  m_Layer: 0
  m_Name: Justin:RightHandMiddle4
  m_TagString: Untagged
  m_Icon: {fileID: 0}
  m_NavMeshLayer: 0
  m_StaticEditorFlags: 0
  m_IsActive: 1
--- !u!1 &110554
GameObject:
  m_ObjectHideFlags: 1
  m_PrefabParentObject: {fileID: 0}
  m_PrefabInternal: {fileID: 100100000}
  serializedVersion: 4
  m_Component:
  - 4: {fileID: 439100}
  m_Layer: 0
  m_Name: Justin:LeftHandThumb1
  m_TagString: Untagged
  m_Icon: {fileID: 0}
  m_NavMeshLayer: 0
  m_StaticEditorFlags: 0
  m_IsActive: 1
--- !u!1 &113556
GameObject:
  m_ObjectHideFlags: 0
  m_PrefabParentObject: {fileID: 0}
  m_PrefabInternal: {fileID: 100100000}
  serializedVersion: 4
  m_Component:
  - 4: {fileID: 429282}
  m_Layer: 0
  m_Name: Justin:Hips
  m_TagString: Untagged
  m_Icon: {fileID: 0}
  m_NavMeshLayer: 0
  m_StaticEditorFlags: 0
  m_IsActive: 1
--- !u!1 &114732
GameObject:
  m_ObjectHideFlags: 1
  m_PrefabParentObject: {fileID: 0}
  m_PrefabInternal: {fileID: 100100000}
  serializedVersion: 4
  m_Component:
  - 4: {fileID: 402466}
  m_Layer: 0
  m_Name: Justin:LeftHandThumb4
  m_TagString: Untagged
  m_Icon: {fileID: 0}
  m_NavMeshLayer: 0
  m_StaticEditorFlags: 0
  m_IsActive: 1
--- !u!1 &115166
GameObject:
  m_ObjectHideFlags: 1
  m_PrefabParentObject: {fileID: 0}
  m_PrefabInternal: {fileID: 100100000}
  serializedVersion: 4
  m_Component:
  - 4: {fileID: 436598}
  m_Layer: 0
  m_Name: Justin:RightLipCorner
  m_TagString: Untagged
  m_Icon: {fileID: 0}
  m_NavMeshLayer: 0
  m_StaticEditorFlags: 0
  m_IsActive: 1
--- !u!1 &115388
GameObject:
  m_ObjectHideFlags: 1
  m_PrefabParentObject: {fileID: 0}
  m_PrefabInternal: {fileID: 100100000}
  serializedVersion: 4
  m_Component:
  - 4: {fileID: 487752}
  m_Layer: 0
  m_Name: Justin:RightForeArm
  m_TagString: Untagged
  m_Icon: {fileID: 0}
  m_NavMeshLayer: 0
  m_StaticEditorFlags: 0
  m_IsActive: 1
--- !u!1 &118024
GameObject:
  m_ObjectHideFlags: 1
  m_PrefabParentObject: {fileID: 0}
  m_PrefabInternal: {fileID: 100100000}
  serializedVersion: 4
  m_Component:
  - 4: {fileID: 481434}
  m_Layer: 0
  m_Name: Justin:RightHandIndex1
  m_TagString: Untagged
  m_Icon: {fileID: 0}
  m_NavMeshLayer: 0
  m_StaticEditorFlags: 0
  m_IsActive: 1
--- !u!1 &118608
GameObject:
  m_ObjectHideFlags: 1
  m_PrefabParentObject: {fileID: 0}
  m_PrefabInternal: {fileID: 100100000}
  serializedVersion: 4
  m_Component:
  - 4: {fileID: 493882}
  m_Layer: 0
  m_Name: Justin:LeftCheek
  m_TagString: Untagged
  m_Icon: {fileID: 0}
  m_NavMeshLayer: 0
  m_StaticEditorFlags: 0
  m_IsActive: 1
--- !u!1 &119746
GameObject:
  m_ObjectHideFlags: 1
  m_PrefabParentObject: {fileID: 0}
  m_PrefabInternal: {fileID: 100100000}
  serializedVersion: 4
  m_Component:
  - 4: {fileID: 401468}
  m_Layer: 0
  m_Name: Justin:RightFoot
  m_TagString: Untagged
  m_Icon: {fileID: 0}
  m_NavMeshLayer: 0
  m_StaticEditorFlags: 0
  m_IsActive: 1
--- !u!1 &119958
GameObject:
  m_ObjectHideFlags: 1
  m_PrefabParentObject: {fileID: 0}
  m_PrefabInternal: {fileID: 100100000}
  serializedVersion: 4
  m_Component:
  - 4: {fileID: 476570}
  m_Layer: 0
  m_Name: Justin:LeftHandMiddle3
  m_TagString: Untagged
  m_Icon: {fileID: 0}
  m_NavMeshLayer: 0
  m_StaticEditorFlags: 0
  m_IsActive: 1
--- !u!1 &121470
GameObject:
  m_ObjectHideFlags: 1
  m_PrefabParentObject: {fileID: 0}
  m_PrefabInternal: {fileID: 100100000}
  serializedVersion: 4
  m_Component:
  - 4: {fileID: 434316}
  m_Layer: 0
  m_Name: Justin:LeftIOuterBrow
  m_TagString: Untagged
  m_Icon: {fileID: 0}
  m_NavMeshLayer: 0
  m_StaticEditorFlags: 0
  m_IsActive: 1
--- !u!1 &121624
GameObject:
  m_ObjectHideFlags: 1
  m_PrefabParentObject: {fileID: 0}
  m_PrefabInternal: {fileID: 100100000}
  serializedVersion: 4
  m_Component:
  - 4: {fileID: 488162}
  m_Layer: 0
  m_Name: Justin:RightEye
  m_TagString: Untagged
  m_Icon: {fileID: 0}
  m_NavMeshLayer: 0
  m_StaticEditorFlags: 0
  m_IsActive: 1
--- !u!1 &124358
GameObject:
  m_ObjectHideFlags: 1
  m_PrefabParentObject: {fileID: 0}
  m_PrefabInternal: {fileID: 100100000}
  serializedVersion: 4
  m_Component:
  - 4: {fileID: 451770}
  m_Layer: 0
  m_Name: Justin:RightHandRing4
  m_TagString: Untagged
  m_Icon: {fileID: 0}
  m_NavMeshLayer: 0
  m_StaticEditorFlags: 0
  m_IsActive: 1
--- !u!1 &124416
GameObject:
  m_ObjectHideFlags: 1
  m_PrefabParentObject: {fileID: 0}
  m_PrefabInternal: {fileID: 100100000}
  serializedVersion: 4
  m_Component:
  - 4: {fileID: 405534}
  m_Layer: 0
  m_Name: Justin:RightHandIndex4
  m_TagString: Untagged
  m_Icon: {fileID: 0}
  m_NavMeshLayer: 0
  m_StaticEditorFlags: 0
  m_IsActive: 1
--- !u!1 &124924
GameObject:
  m_ObjectHideFlags: 1
  m_PrefabParentObject: {fileID: 0}
  m_PrefabInternal: {fileID: 100100000}
  serializedVersion: 4
  m_Component:
  - 4: {fileID: 405872}
  m_Layer: 0
  m_Name: Justin:LeftEyelidUpper
  m_TagString: Untagged
  m_Icon: {fileID: 0}
  m_NavMeshLayer: 0
  m_StaticEditorFlags: 0
  m_IsActive: 1
--- !u!1 &125288
GameObject:
  m_ObjectHideFlags: 1
  m_PrefabParentObject: {fileID: 0}
  m_PrefabInternal: {fileID: 100100000}
  serializedVersion: 4
  m_Component:
  - 4: {fileID: 437004}
  m_Layer: 0
  m_Name: Justin:LeftHandIndex2
  m_TagString: Untagged
  m_Icon: {fileID: 0}
  m_NavMeshLayer: 0
  m_StaticEditorFlags: 0
  m_IsActive: 1
--- !u!1 &126944
GameObject:
  m_ObjectHideFlags: 1
  m_PrefabParentObject: {fileID: 0}
  m_PrefabInternal: {fileID: 100100000}
  serializedVersion: 4
  m_Component:
  - 4: {fileID: 499642}
  m_Layer: 0
  m_Name: Justin:LeftLipLower
  m_TagString: Untagged
  m_Icon: {fileID: 0}
  m_NavMeshLayer: 0
  m_StaticEditorFlags: 0
  m_IsActive: 1
--- !u!1 &127720
GameObject:
  m_ObjectHideFlags: 1
  m_PrefabParentObject: {fileID: 0}
  m_PrefabInternal: {fileID: 100100000}
  serializedVersion: 4
  m_Component:
  - 4: {fileID: 436004}
  m_Layer: 0
  m_Name: Justin:LeftHandMiddle1
  m_TagString: Untagged
  m_Icon: {fileID: 0}
  m_NavMeshLayer: 0
  m_StaticEditorFlags: 0
  m_IsActive: 1
--- !u!1 &128536
GameObject:
  m_ObjectHideFlags: 1
  m_PrefabParentObject: {fileID: 0}
  m_PrefabInternal: {fileID: 100100000}
  serializedVersion: 4
  m_Component:
  - 4: {fileID: 424412}
  m_Layer: 0
  m_Name: Justin:Neck
  m_TagString: Untagged
  m_Icon: {fileID: 0}
  m_NavMeshLayer: 0
  m_StaticEditorFlags: 0
  m_IsActive: 1
--- !u!1 &128782
GameObject:
  m_ObjectHideFlags: 0
  m_PrefabParentObject: {fileID: 0}
  m_PrefabInternal: {fileID: 100100000}
  serializedVersion: 4
  m_Component:
  - 4: {fileID: 454526}
  - 95: {fileID: 9529292}
  m_Layer: 0
  m_Name: Justin_ok
  m_TagString: Untagged
  m_Icon: {fileID: 0}
  m_NavMeshLayer: 0
  m_StaticEditorFlags: 0
  m_IsActive: 1
--- !u!1 &132996
GameObject:
  m_ObjectHideFlags: 1
  m_PrefabParentObject: {fileID: 0}
  m_PrefabInternal: {fileID: 100100000}
  serializedVersion: 4
  m_Component:
  - 4: {fileID: 465858}
  m_Layer: 0
  m_Name: Justin:RightLipUpper
  m_TagString: Untagged
  m_Icon: {fileID: 0}
  m_NavMeshLayer: 0
  m_StaticEditorFlags: 0
  m_IsActive: 1
--- !u!1 &133448
GameObject:
  m_ObjectHideFlags: 1
  m_PrefabParentObject: {fileID: 0}
  m_PrefabInternal: {fileID: 100100000}
  serializedVersion: 4
  m_Component:
  - 4: {fileID: 446690}
  m_Layer: 0
  m_Name: Justin:RightHandMiddle1
  m_TagString: Untagged
  m_Icon: {fileID: 0}
  m_NavMeshLayer: 0
  m_StaticEditorFlags: 0
  m_IsActive: 1
--- !u!1 &135076
GameObject:
  m_ObjectHideFlags: 1
  m_PrefabParentObject: {fileID: 0}
  m_PrefabInternal: {fileID: 100100000}
  serializedVersion: 4
  m_Component:
  - 4: {fileID: 425088}
  m_Layer: 0
  m_Name: Justin:LeftEyelidLower
  m_TagString: Untagged
  m_Icon: {fileID: 0}
  m_NavMeshLayer: 0
  m_StaticEditorFlags: 0
  m_IsActive: 1
--- !u!1 &137038
GameObject:
  m_ObjectHideFlags: 1
  m_PrefabParentObject: {fileID: 0}
  m_PrefabInternal: {fileID: 100100000}
  serializedVersion: 4
  m_Component:
  - 4: {fileID: 467836}
  m_Layer: 0
  m_Name: Justin:LeftHandRing3
  m_TagString: Untagged
  m_Icon: {fileID: 0}
  m_NavMeshLayer: 0
  m_StaticEditorFlags: 0
  m_IsActive: 1
--- !u!1 &138942
GameObject:
  m_ObjectHideFlags: 1
  m_PrefabParentObject: {fileID: 0}
  m_PrefabInternal: {fileID: 100100000}
  serializedVersion: 4
  m_Component:
  - 4: {fileID: 402960}
  m_Layer: 0
  m_Name: Justin:LeftHandPinky1
  m_TagString: Untagged
  m_Icon: {fileID: 0}
  m_NavMeshLayer: 0
  m_StaticEditorFlags: 0
  m_IsActive: 1
--- !u!1 &139060
GameObject:
  m_ObjectHideFlags: 1
  m_PrefabParentObject: {fileID: 0}
  m_PrefabInternal: {fileID: 100100000}
  serializedVersion: 4
  m_Component:
  - 4: {fileID: 478650}
  m_Layer: 0
  m_Name: Justin:Neck1
  m_TagString: Untagged
  m_Icon: {fileID: 0}
  m_NavMeshLayer: 0
  m_StaticEditorFlags: 0
  m_IsActive: 1
--- !u!1 &139450
GameObject:
  m_ObjectHideFlags: 1
  m_PrefabParentObject: {fileID: 0}
  m_PrefabInternal: {fileID: 100100000}
  serializedVersion: 4
  m_Component:
  - 4: {fileID: 457190}
  m_Layer: 0
  m_Name: Justin:LeftHandRing1
  m_TagString: Untagged
  m_Icon: {fileID: 0}
  m_NavMeshLayer: 0
  m_StaticEditorFlags: 0
  m_IsActive: 1
--- !u!1 &140432
GameObject:
  m_ObjectHideFlags: 1
  m_PrefabParentObject: {fileID: 0}
  m_PrefabInternal: {fileID: 100100000}
  serializedVersion: 4
  m_Component:
  - 4: {fileID: 479794}
  m_Layer: 0
  m_Name: Justin:LeftHandRing4
  m_TagString: Untagged
  m_Icon: {fileID: 0}
  m_NavMeshLayer: 0
  m_StaticEditorFlags: 0
  m_IsActive: 1
--- !u!1 &140990
GameObject:
  m_ObjectHideFlags: 1
  m_PrefabParentObject: {fileID: 0}
  m_PrefabInternal: {fileID: 100100000}
  serializedVersion: 4
  m_Component:
  - 4: {fileID: 462296}
  m_Layer: 0
  m_Name: Justin:LeftHandThumb3
  m_TagString: Untagged
  m_Icon: {fileID: 0}
  m_NavMeshLayer: 0
  m_StaticEditorFlags: 0
  m_IsActive: 1
--- !u!1 &141150
GameObject:
  m_ObjectHideFlags: 1
  m_PrefabParentObject: {fileID: 0}
  m_PrefabInternal: {fileID: 100100000}
  serializedVersion: 4
  m_Component:
  - 4: {fileID: 402780}
  m_Layer: 0
  m_Name: Justin:LeftHandPinky4
  m_TagString: Untagged
  m_Icon: {fileID: 0}
  m_NavMeshLayer: 0
  m_StaticEditorFlags: 0
  m_IsActive: 1
--- !u!1 &141894
GameObject:
  m_ObjectHideFlags: 0
  m_PrefabParentObject: {fileID: 0}
  m_PrefabInternal: {fileID: 100100000}
  serializedVersion: 4
  m_Component:
  - 4: {fileID: 428630}
  - 137: {fileID: 13743970}
  m_Layer: 0
  m_Name: Toon_Vince_Geo
  m_TagString: Untagged
  m_Icon: {fileID: 0}
  m_NavMeshLayer: 0
  m_StaticEditorFlags: 0
  m_IsActive: 1
--- !u!1 &142044
GameObject:
  m_ObjectHideFlags: 1
  m_PrefabParentObject: {fileID: 0}
  m_PrefabInternal: {fileID: 100100000}
  serializedVersion: 4
  m_Component:
  - 4: {fileID: 446248}
  m_Layer: 0
  m_Name: Justin:RightHandRing1
  m_TagString: Untagged
  m_Icon: {fileID: 0}
  m_NavMeshLayer: 0
  m_StaticEditorFlags: 0
  m_IsActive: 1
--- !u!1 &143822
GameObject:
  m_ObjectHideFlags: 1
  m_PrefabParentObject: {fileID: 0}
  m_PrefabInternal: {fileID: 100100000}
  serializedVersion: 4
  m_Component:
  - 4: {fileID: 423140}
  m_Layer: 0
  m_Name: Justin:LeftShoulder
  m_TagString: Untagged
  m_Icon: {fileID: 0}
  m_NavMeshLayer: 0
  m_StaticEditorFlags: 0
  m_IsActive: 1
--- !u!1 &143920
GameObject:
  m_ObjectHideFlags: 1
  m_PrefabParentObject: {fileID: 0}
  m_PrefabInternal: {fileID: 100100000}
  serializedVersion: 4
  m_Component:
  - 4: {fileID: 402764}
  m_Layer: 0
  m_Name: Justin:RightToeBase
  m_TagString: Untagged
  m_Icon: {fileID: 0}
  m_NavMeshLayer: 0
  m_StaticEditorFlags: 0
  m_IsActive: 1
--- !u!1 &144004
GameObject:
  m_ObjectHideFlags: 1
  m_PrefabParentObject: {fileID: 0}
  m_PrefabInternal: {fileID: 100100000}
  serializedVersion: 4
  m_Component:
  - 4: {fileID: 403288}
  m_Layer: 0
  m_Name: Justin:RightHandPinky1
  m_TagString: Untagged
  m_Icon: {fileID: 0}
  m_NavMeshLayer: 0
  m_StaticEditorFlags: 0
  m_IsActive: 1
--- !u!1 &144334
GameObject:
  m_ObjectHideFlags: 1
  m_PrefabParentObject: {fileID: 0}
  m_PrefabInternal: {fileID: 100100000}
  serializedVersion: 4
  m_Component:
  - 4: {fileID: 429208}
  m_Layer: 0
  m_Name: Justin:LeftHandIndex1
  m_TagString: Untagged
  m_Icon: {fileID: 0}
  m_NavMeshLayer: 0
  m_StaticEditorFlags: 0
  m_IsActive: 1
--- !u!1 &144756
GameObject:
  m_ObjectHideFlags: 1
  m_PrefabParentObject: {fileID: 0}
  m_PrefabInternal: {fileID: 100100000}
  serializedVersion: 4
  m_Component:
  - 4: {fileID: 484250}
  m_Layer: 0
  m_Name: Justin:RightHandRing3
  m_TagString: Untagged
  m_Icon: {fileID: 0}
  m_NavMeshLayer: 0
  m_StaticEditorFlags: 0
  m_IsActive: 1
--- !u!1 &145104
GameObject:
  m_ObjectHideFlags: 1
  m_PrefabParentObject: {fileID: 0}
  m_PrefabInternal: {fileID: 100100000}
  serializedVersion: 4
  m_Component:
  - 4: {fileID: 473576}
  m_Layer: 0
  m_Name: Justin:RightHandPinky3
  m_TagString: Untagged
  m_Icon: {fileID: 0}
  m_NavMeshLayer: 0
  m_StaticEditorFlags: 0
  m_IsActive: 1
--- !u!1 &145132
GameObject:
  m_ObjectHideFlags: 1
  m_PrefabParentObject: {fileID: 0}
  m_PrefabInternal: {fileID: 100100000}
  serializedVersion: 4
  m_Component:
  - 4: {fileID: 448032}
  m_Layer: 0
  m_Name: Justin:LeftForeArm
  m_TagString: Untagged
  m_Icon: {fileID: 0}
  m_NavMeshLayer: 0
  m_StaticEditorFlags: 0
  m_IsActive: 1
--- !u!1 &146540
GameObject:
  m_ObjectHideFlags: 0
  m_PrefabParentObject: {fileID: 0}
  m_PrefabInternal: {fileID: 100100000}
  serializedVersion: 4
  m_Component:
  - 4: {fileID: 460188}
  m_Layer: 0
  m_Name: Glasses
  m_TagString: Untagged
  m_Icon: {fileID: 0}
  m_NavMeshLayer: 0
  m_StaticEditorFlags: 0
  m_IsActive: 1
--- !u!1 &147096
GameObject:
  m_ObjectHideFlags: 1
  m_PrefabParentObject: {fileID: 0}
  m_PrefabInternal: {fileID: 100100000}
  serializedVersion: 4
  m_Component:
  - 4: {fileID: 410324}
  m_Layer: 0
  m_Name: Justin:RightHandPinky2
  m_TagString: Untagged
  m_Icon: {fileID: 0}
  m_NavMeshLayer: 0
  m_StaticEditorFlags: 0
  m_IsActive: 1
--- !u!1 &147510
GameObject:
  m_ObjectHideFlags: 1
  m_PrefabParentObject: {fileID: 0}
  m_PrefabInternal: {fileID: 100100000}
  serializedVersion: 4
  m_Component:
  - 4: {fileID: 490978}
  m_Layer: 0
  m_Name: Justin:RightCheek
  m_TagString: Untagged
  m_Icon: {fileID: 0}
  m_NavMeshLayer: 0
  m_StaticEditorFlags: 0
  m_IsActive: 1
--- !u!1 &149368
GameObject:
  m_ObjectHideFlags: 1
  m_PrefabParentObject: {fileID: 0}
  m_PrefabInternal: {fileID: 100100000}
  serializedVersion: 4
  m_Component:
  - 4: {fileID: 491454}
  m_Layer: 0
  m_Name: Justin:LeftToeBase
  m_TagString: Untagged
  m_Icon: {fileID: 0}
  m_NavMeshLayer: 0
  m_StaticEditorFlags: 0
  m_IsActive: 1
--- !u!1 &150676
GameObject:
  m_ObjectHideFlags: 1
  m_PrefabParentObject: {fileID: 0}
  m_PrefabInternal: {fileID: 100100000}
  serializedVersion: 4
  m_Component:
  - 4: {fileID: 454238}
  m_Layer: 0
  m_Name: Justin:LeftHandPinky3
  m_TagString: Untagged
  m_Icon: {fileID: 0}
  m_NavMeshLayer: 0
  m_StaticEditorFlags: 0
  m_IsActive: 1
--- !u!1 &152620
GameObject:
  m_ObjectHideFlags: 1
  m_PrefabParentObject: {fileID: 0}
  m_PrefabInternal: {fileID: 100100000}
  serializedVersion: 4
  m_Component:
  - 4: {fileID: 444798}
  m_Layer: 0
  m_Name: Justin:RightFootToeBase_End
  m_TagString: Untagged
  m_Icon: {fileID: 0}
  m_NavMeshLayer: 0
  m_StaticEditorFlags: 0
  m_IsActive: 1
--- !u!1 &152806
GameObject:
  m_ObjectHideFlags: 1
  m_PrefabParentObject: {fileID: 0}
  m_PrefabInternal: {fileID: 100100000}
  serializedVersion: 4
  m_Component:
  - 4: {fileID: 472202}
  m_Layer: 0
  m_Name: Justin:RightHand
  m_TagString: Untagged
  m_Icon: {fileID: 0}
  m_NavMeshLayer: 0
  m_StaticEditorFlags: 0
  m_IsActive: 1
--- !u!1 &153406
GameObject:
  m_ObjectHideFlags: 1
  m_PrefabParentObject: {fileID: 0}
  m_PrefabInternal: {fileID: 100100000}
  serializedVersion: 4
  m_Component:
  - 4: {fileID: 445492}
  m_Layer: 0
  m_Name: Justin:RightHandIndex2
  m_TagString: Untagged
  m_Icon: {fileID: 0}
  m_NavMeshLayer: 0
  m_StaticEditorFlags: 0
  m_IsActive: 1
--- !u!1 &154802
GameObject:
  m_ObjectHideFlags: 1
  m_PrefabParentObject: {fileID: 0}
  m_PrefabInternal: {fileID: 100100000}
  serializedVersion: 4
  m_Component:
  - 4: {fileID: 468074}
  m_Layer: 0
  m_Name: Justin:LeftHandMiddle4
  m_TagString: Untagged
  m_Icon: {fileID: 0}
  m_NavMeshLayer: 0
  m_StaticEditorFlags: 0
  m_IsActive: 1
--- !u!1 &155854
GameObject:
  m_ObjectHideFlags: 1
  m_PrefabParentObject: {fileID: 0}
  m_PrefabInternal: {fileID: 100100000}
  serializedVersion: 4
  m_Component:
  - 4: {fileID: 450546}
  m_Layer: 0
  m_Name: Justin:RightHandThumb4
  m_TagString: Untagged
  m_Icon: {fileID: 0}
  m_NavMeshLayer: 0
  m_StaticEditorFlags: 0
  m_IsActive: 1
--- !u!1 &157276
GameObject:
  m_ObjectHideFlags: 1
  m_PrefabParentObject: {fileID: 0}
  m_PrefabInternal: {fileID: 100100000}
  serializedVersion: 4
  m_Component:
  - 4: {fileID: 497842}
  m_Layer: 0
  m_Name: Justin:RightLipLower
  m_TagString: Untagged
  m_Icon: {fileID: 0}
  m_NavMeshLayer: 0
  m_StaticEditorFlags: 0
  m_IsActive: 1
--- !u!1 &157556
GameObject:
  m_ObjectHideFlags: 1
  m_PrefabParentObject: {fileID: 0}
  m_PrefabInternal: {fileID: 100100000}
  serializedVersion: 4
  m_Component:
  - 4: {fileID: 474164}
  m_Layer: 0
  m_Name: Justin:RightArm
  m_TagString: Untagged
  m_Icon: {fileID: 0}
  m_NavMeshLayer: 0
  m_StaticEditorFlags: 0
  m_IsActive: 1
--- !u!1 &157936
GameObject:
  m_ObjectHideFlags: 1
  m_PrefabParentObject: {fileID: 0}
  m_PrefabInternal: {fileID: 100100000}
  serializedVersion: 4
  m_Component:
  - 4: {fileID: 444134}
  m_Layer: 0
  m_Name: Justin:LeftHandIndex4
  m_TagString: Untagged
  m_Icon: {fileID: 0}
  m_NavMeshLayer: 0
  m_StaticEditorFlags: 0
  m_IsActive: 1
--- !u!1 &158286
GameObject:
  m_ObjectHideFlags: 1
  m_PrefabParentObject: {fileID: 0}
  m_PrefabInternal: {fileID: 100100000}
  serializedVersion: 4
  m_Component:
  - 4: {fileID: 488156}
  m_Layer: 0
  m_Name: Justin:RightEyelidUpper
  m_TagString: Untagged
  m_Icon: {fileID: 0}
  m_NavMeshLayer: 0
  m_StaticEditorFlags: 0
  m_IsActive: 1
--- !u!1 &158406
GameObject:
  m_ObjectHideFlags: 1
  m_PrefabParentObject: {fileID: 0}
  m_PrefabInternal: {fileID: 100100000}
  serializedVersion: 4
  m_Component:
  - 4: {fileID: 454912}
  m_Layer: 0
  m_Name: Justin:RightHandThumb1
  m_TagString: Untagged
  m_Icon: {fileID: 0}
  m_NavMeshLayer: 0
  m_StaticEditorFlags: 0
  m_IsActive: 1
--- !u!1 &160402
GameObject:
  m_ObjectHideFlags: 1
  m_PrefabParentObject: {fileID: 0}
  m_PrefabInternal: {fileID: 100100000}
  serializedVersion: 4
  m_Component:
  - 4: {fileID: 470906}
  m_Layer: 0
  m_Name: Justin:RightInnerBrow
  m_TagString: Untagged
  m_Icon: {fileID: 0}
  m_NavMeshLayer: 0
  m_StaticEditorFlags: 0
  m_IsActive: 1
--- !u!1 &160572
GameObject:
  m_ObjectHideFlags: 1
  m_PrefabParentObject: {fileID: 0}
  m_PrefabInternal: {fileID: 100100000}
  serializedVersion: 4
  m_Component:
  - 4: {fileID: 432824}
  m_Layer: 0
  m_Name: Justin:Spine1
  m_TagString: Untagged
  m_Icon: {fileID: 0}
  m_NavMeshLayer: 0
  m_StaticEditorFlags: 0
  m_IsActive: 1
--- !u!1 &161936
GameObject:
  m_ObjectHideFlags: 1
  m_PrefabParentObject: {fileID: 0}
  m_PrefabInternal: {fileID: 100100000}
  serializedVersion: 4
  m_Component:
  - 4: {fileID: 450160}
  m_Layer: 0
  m_Name: Justin:RightHandThumb2
  m_TagString: Untagged
  m_Icon: {fileID: 0}
  m_NavMeshLayer: 0
  m_StaticEditorFlags: 0
  m_IsActive: 1
--- !u!1 &164330
GameObject:
  m_ObjectHideFlags: 1
  m_PrefabParentObject: {fileID: 0}
  m_PrefabInternal: {fileID: 100100000}
  serializedVersion: 4
  m_Component:
  - 4: {fileID: 424396}
  m_Layer: 0
  m_Name: Justin:LeftLipCorner
  m_TagString: Untagged
  m_Icon: {fileID: 0}
  m_NavMeshLayer: 0
  m_StaticEditorFlags: 0
  m_IsActive: 1
--- !u!1 &165056
GameObject:
  m_ObjectHideFlags: 1
  m_PrefabParentObject: {fileID: 0}
  m_PrefabInternal: {fileID: 100100000}
  serializedVersion: 4
  m_Component:
  - 4: {fileID: 461732}
  m_Layer: 0
  m_Name: Justin:RightEyelidLower
  m_TagString: Untagged
  m_Icon: {fileID: 0}
  m_NavMeshLayer: 0
  m_StaticEditorFlags: 0
  m_IsActive: 1
--- !u!1 &169702
GameObject:
  m_ObjectHideFlags: 1
  m_PrefabParentObject: {fileID: 0}
  m_PrefabInternal: {fileID: 100100000}
  serializedVersion: 4
  m_Component:
  - 4: {fileID: 445506}
  m_Layer: 0
  m_Name: Justin:LeftHandRing2
  m_TagString: Untagged
  m_Icon: {fileID: 0}
  m_NavMeshLayer: 0
  m_StaticEditorFlags: 0
  m_IsActive: 1
--- !u!1 &172894
GameObject:
  m_ObjectHideFlags: 1
  m_PrefabParentObject: {fileID: 0}
  m_PrefabInternal: {fileID: 100100000}
  serializedVersion: 4
  m_Component:
  - 4: {fileID: 426416}
  m_Layer: 0
  m_Name: Justin:RightLeg
  m_TagString: Untagged
  m_Icon: {fileID: 0}
  m_NavMeshLayer: 0
  m_StaticEditorFlags: 0
  m_IsActive: 1
--- !u!1 &173962
GameObject:
  m_ObjectHideFlags: 1
  m_PrefabParentObject: {fileID: 0}
  m_PrefabInternal: {fileID: 100100000}
  serializedVersion: 4
  m_Component:
  - 4: {fileID: 461004}
  m_Layer: 0
  m_Name: Justin:LeftHandThumb2
  m_TagString: Untagged
  m_Icon: {fileID: 0}
  m_NavMeshLayer: 0
  m_StaticEditorFlags: 0
  m_IsActive: 1
--- !u!1 &175372
GameObject:
  m_ObjectHideFlags: 1
  m_PrefabParentObject: {fileID: 0}
  m_PrefabInternal: {fileID: 100100000}
  serializedVersion: 4
  m_Component:
  - 4: {fileID: 491318}
  m_Layer: 0
  m_Name: Justin:RightIOuterBrow
  m_TagString: Untagged
  m_Icon: {fileID: 0}
  m_NavMeshLayer: 0
  m_StaticEditorFlags: 0
  m_IsActive: 1
--- !u!1 &176722
GameObject:
  m_ObjectHideFlags: 1
  m_PrefabParentObject: {fileID: 0}
  m_PrefabInternal: {fileID: 100100000}
  serializedVersion: 4
  m_Component:
  - 4: {fileID: 496242}
  m_Layer: 0
  m_Name: Justin:Spine2
  m_TagString: Untagged
  m_Icon: {fileID: 0}
  m_NavMeshLayer: 0
  m_StaticEditorFlags: 0
  m_IsActive: 1
--- !u!1 &179384
GameObject:
  m_ObjectHideFlags: 1
  m_PrefabParentObject: {fileID: 0}
  m_PrefabInternal: {fileID: 100100000}
  serializedVersion: 4
  m_Component:
  - 4: {fileID: 430894}
  m_Layer: 0
  m_Name: Justin:RightNostril
  m_TagString: Untagged
  m_Icon: {fileID: 0}
  m_NavMeshLayer: 0
  m_StaticEditorFlags: 0
  m_IsActive: 1
--- !u!1 &181358
GameObject:
  m_ObjectHideFlags: 1
  m_PrefabParentObject: {fileID: 0}
  m_PrefabInternal: {fileID: 100100000}
  serializedVersion: 4
  m_Component:
  - 4: {fileID: 468156}
  m_Layer: 0
  m_Name: Justin:RightHandIndex3
  m_TagString: Untagged
  m_Icon: {fileID: 0}
  m_NavMeshLayer: 0
  m_StaticEditorFlags: 0
  m_IsActive: 1
--- !u!1 &181370
GameObject:
  m_ObjectHideFlags: 1
  m_PrefabParentObject: {fileID: 0}
  m_PrefabInternal: {fileID: 100100000}
  serializedVersion: 4
  m_Component:
  - 4: {fileID: 416674}
  m_Layer: 0
  m_Name: Justin:LeftFootToeBase_End
  m_TagString: Untagged
  m_Icon: {fileID: 0}
  m_NavMeshLayer: 0
  m_StaticEditorFlags: 0
  m_IsActive: 1
--- !u!1 &184412
GameObject:
  m_ObjectHideFlags: 1
  m_PrefabParentObject: {fileID: 0}
  m_PrefabInternal: {fileID: 100100000}
  serializedVersion: 4
  m_Component:
  - 4: {fileID: 460028}
  m_Layer: 0
  m_Name: Justin:JawEND
  m_TagString: Untagged
  m_Icon: {fileID: 0}
  m_NavMeshLayer: 0
  m_StaticEditorFlags: 0
  m_IsActive: 1
--- !u!1 &185306
GameObject:
  m_ObjectHideFlags: 1
  m_PrefabParentObject: {fileID: 0}
  m_PrefabInternal: {fileID: 100100000}
  serializedVersion: 4
  m_Component:
  - 4: {fileID: 457926}
  m_Layer: 0
  m_Name: Justin:LeftNostril
  m_TagString: Untagged
  m_Icon: {fileID: 0}
  m_NavMeshLayer: 0
  m_StaticEditorFlags: 0
  m_IsActive: 1
--- !u!1 &187108
GameObject:
  m_ObjectHideFlags: 1
  m_PrefabParentObject: {fileID: 0}
  m_PrefabInternal: {fileID: 100100000}
  serializedVersion: 4
  m_Component:
  - 4: {fileID: 481322}
  m_Layer: 0
  m_Name: Justin:LeftFoot
  m_TagString: Untagged
  m_Icon: {fileID: 0}
  m_NavMeshLayer: 0
  m_StaticEditorFlags: 0
  m_IsActive: 1
--- !u!1 &188850
GameObject:
  m_ObjectHideFlags: 1
  m_PrefabParentObject: {fileID: 0}
  m_PrefabInternal: {fileID: 100100000}
  serializedVersion: 4
  m_Component:
  - 4: {fileID: 407712}
  m_Layer: 0
  m_Name: Justin:LeftArm
  m_TagString: Untagged
  m_Icon: {fileID: 0}
  m_NavMeshLayer: 0
  m_StaticEditorFlags: 0
  m_IsActive: 1
--- !u!1 &189606
GameObject:
  m_ObjectHideFlags: 1
  m_PrefabParentObject: {fileID: 0}
  m_PrefabInternal: {fileID: 100100000}
  serializedVersion: 4
  m_Component:
  - 4: {fileID: 414154}
  m_Layer: 0
  m_Name: Justin:TongueTip
  m_TagString: Untagged
  m_Icon: {fileID: 0}
  m_NavMeshLayer: 0
  m_StaticEditorFlags: 0
  m_IsActive: 1
--- !u!1 &189830
GameObject:
  m_ObjectHideFlags: 1
  m_PrefabParentObject: {fileID: 0}
  m_PrefabInternal: {fileID: 100100000}
  serializedVersion: 4
  m_Component:
  - 4: {fileID: 428750}
  m_Layer: 0
  m_Name: Justin:HeadTop_End
  m_TagString: Untagged
  m_Icon: {fileID: 0}
  m_NavMeshLayer: 0
  m_StaticEditorFlags: 0
  m_IsActive: 1
--- !u!1 &190042
GameObject:
  m_ObjectHideFlags: 1
  m_PrefabParentObject: {fileID: 0}
  m_PrefabInternal: {fileID: 100100000}
  serializedVersion: 4
  m_Component:
  - 4: {fileID: 485542}
  m_Layer: 0
  m_Name: Justin:LeftInnerBrow
  m_TagString: Untagged
  m_Icon: {fileID: 0}
  m_NavMeshLayer: 0
  m_StaticEditorFlags: 0
  m_IsActive: 1
--- !u!1 &190852
GameObject:
  m_ObjectHideFlags: 1
  m_PrefabParentObject: {fileID: 0}
  m_PrefabInternal: {fileID: 100100000}
  serializedVersion: 4
  m_Component:
  - 4: {fileID: 407190}
  m_Layer: 0
  m_Name: Justin:Jaw
  m_TagString: Untagged
  m_Icon: {fileID: 0}
  m_NavMeshLayer: 0
  m_StaticEditorFlags: 0
  m_IsActive: 1
--- !u!1 &192126
GameObject:
  m_ObjectHideFlags: 1
  m_PrefabParentObject: {fileID: 0}
  m_PrefabInternal: {fileID: 100100000}
  serializedVersion: 4
  m_Component:
  - 4: {fileID: 409814}
  m_Layer: 0
  m_Name: Justin:Head
  m_TagString: Untagged
  m_Icon: {fileID: 0}
  m_NavMeshLayer: 0
  m_StaticEditorFlags: 0
  m_IsActive: 1
--- !u!1 &193100
GameObject:
  m_ObjectHideFlags: 1
  m_PrefabParentObject: {fileID: 0}
  m_PrefabInternal: {fileID: 100100000}
  serializedVersion: 4
  m_Component:
  - 4: {fileID: 482444}
  m_Layer: 0
  m_Name: Justin:LeftLipUpper
  m_TagString: Untagged
  m_Icon: {fileID: 0}
  m_NavMeshLayer: 0
  m_StaticEditorFlags: 0
  m_IsActive: 1
--- !u!1 &193968
GameObject:
  m_ObjectHideFlags: 1
  m_PrefabParentObject: {fileID: 0}
  m_PrefabInternal: {fileID: 100100000}
  serializedVersion: 4
  m_Component:
  - 4: {fileID: 480848}
  m_Layer: 0
  m_Name: Justin:LeftEye
  m_TagString: Untagged
  m_Icon: {fileID: 0}
  m_NavMeshLayer: 0
  m_StaticEditorFlags: 0
  m_IsActive: 1
--- !u!1 &196302
GameObject:
  m_ObjectHideFlags: 1
  m_PrefabParentObject: {fileID: 0}
  m_PrefabInternal: {fileID: 100100000}
  serializedVersion: 4
  m_Component:
  - 4: {fileID: 490758}
  m_Layer: 0
  m_Name: Justin:LeftHand
  m_TagString: Untagged
  m_Icon: {fileID: 0}
  m_NavMeshLayer: 0
  m_StaticEditorFlags: 0
  m_IsActive: 1
--- !u!1 &196818
GameObject:
  m_ObjectHideFlags: 1
  m_PrefabParentObject: {fileID: 0}
  m_PrefabInternal: {fileID: 100100000}
  serializedVersion: 4
  m_Component:
  - 4: {fileID: 489762}
  m_Layer: 0
  m_Name: Justin:RightHandPinky4
  m_TagString: Untagged
  m_Icon: {fileID: 0}
  m_NavMeshLayer: 0
  m_StaticEditorFlags: 0
  m_IsActive: 1
--- !u!1 &198698
GameObject:
  m_ObjectHideFlags: 1
  m_PrefabParentObject: {fileID: 0}
  m_PrefabInternal: {fileID: 100100000}
  serializedVersion: 4
  m_Component:
  - 4: {fileID: 454602}
  m_Layer: 0
  m_Name: Justin:RightHandRing2
  m_TagString: Untagged
  m_Icon: {fileID: 0}
  m_NavMeshLayer: 0
  m_StaticEditorFlags: 0
  m_IsActive: 1
--- !u!4 &401468
Transform:
  m_ObjectHideFlags: 1
  m_PrefabParentObject: {fileID: 0}
  m_PrefabInternal: {fileID: 100100000}
  m_GameObject: {fileID: 119746}
  m_LocalRotation: {x: -.0146834152, y: 3.57574322e-06, z: -7.78182366e-05, w: .999892235}
  m_LocalPosition: {x: -.00012606621, y: -.391899973, z: -.00847686734}
  m_LocalScale: {x: 1, y: 1, z: 1}
  m_Children:
  - {fileID: 402764}
  m_Father: {fileID: 426416}
  m_RootOrder: 0
--- !u!4 &402466
Transform:
  m_ObjectHideFlags: 1
  m_PrefabParentObject: {fileID: 0}
  m_PrefabInternal: {fileID: 100100000}
  m_GameObject: {fileID: 114732}
  m_LocalRotation: {x: 0, y: 0, z: 0, w: 1}
  m_LocalPosition: {x: -.0259999987, y: -.00999999978, z: .00999999978}
  m_LocalScale: {x: 1, y: 1, z: 1}
  m_Children: []
  m_Father: {fileID: 462296}
  m_RootOrder: 0
--- !u!4 &402764
Transform:
  m_ObjectHideFlags: 1
  m_PrefabParentObject: {fileID: 0}
  m_PrefabInternal: {fileID: 100100000}
  m_GameObject: {fileID: 143920}
  m_LocalRotation: {x: -1.02445457e-08, y: 6.55242458e-11, z: 8.65906789e-15, w: 1}
  m_LocalPosition: {x: .00183309556, y: -.121930853, z: .0828226358}
  m_LocalScale: {x: 1, y: 1, z: 1}
  m_Children:
  - {fileID: 444798}
  m_Father: {fileID: 401468}
  m_RootOrder: 0
--- !u!4 &402780
Transform:
  m_ObjectHideFlags: 1
  m_PrefabParentObject: {fileID: 0}
  m_PrefabInternal: {fileID: 100100000}
  m_GameObject: {fileID: 141150}
  m_LocalRotation: {x: 0, y: 0, z: 0, w: 1}
  m_LocalPosition: {x: -.029000001, y: 2.84217088e-16, z: 1.47911416e-33}
  m_LocalScale: {x: 1, y: 1, z: 1}
  m_Children: []
  m_Father: {fileID: 454238}
  m_RootOrder: 0
--- !u!4 &402960
Transform:
  m_ObjectHideFlags: 1
  m_PrefabParentObject: {fileID: 0}
  m_PrefabInternal: {fileID: 100100000}
  m_GameObject: {fileID: 138942}
  m_LocalRotation: {x: 2.53558259e-08, y: .020497812, z: -.0293207765, w: .999359846}
  m_LocalPosition: {x: -.100129917, y: -.000783479074, z: -.0396714136}
  m_LocalScale: {x: 1, y: 1, z: 1}
  m_Children:
  - {fileID: 488674}
  m_Father: {fileID: 490758}
  m_RootOrder: 2
--- !u!4 &403288
Transform:
  m_ObjectHideFlags: 1
  m_PrefabParentObject: {fileID: 0}
  m_PrefabInternal: {fileID: 100100000}
  m_GameObject: {fileID: 144004}
  m_LocalRotation: {x: 1.80524111e-08, y: -.0198527481, z: .0227207094, w: .99954474}
  m_LocalPosition: {x: .0997145921, y: -.00119143899, z: -.0395400487}
  m_LocalScale: {x: 1, y: 1, z: 1}
  m_Children:
  - {fileID: 410324}
  m_Father: {fileID: 472202}
  m_RootOrder: 2
--- !u!4 &405534
Transform:
  m_ObjectHideFlags: 1
  m_PrefabParentObject: {fileID: 0}
  m_PrefabInternal: {fileID: 100100000}
  m_GameObject: {fileID: 124416}
  m_LocalRotation: {x: 0, y: 0, z: 0, w: 1}
  m_LocalPosition: {x: .0259999987, y: 0, z: 0}
  m_LocalScale: {x: 1, y: 1, z: 1}
  m_Children: []
  m_Father: {fileID: 468156}
  m_RootOrder: 0
--- !u!4 &405872
Transform:
  m_ObjectHideFlags: 1
  m_PrefabParentObject: {fileID: 0}
  m_PrefabInternal: {fileID: 100100000}
  m_GameObject: {fileID: 124924}
  m_LocalRotation: {x: 0, y: 0, z: 0, w: 1}
  m_LocalPosition: {x: -.0357169993, y: .0765711218, z: .1158223}
  m_LocalScale: {x: 1, y: 1, z: 1}
  m_Children: []
  m_Father: {fileID: 409814}
  m_RootOrder: 5
--- !u!4 &407190
Transform:
  m_ObjectHideFlags: 1
  m_PrefabParentObject: {fileID: 0}
  m_PrefabInternal: {fileID: 100100000}
  m_GameObject: {fileID: 190852}
  m_LocalRotation: {x: -.00644458365, y: 0, z: -0, w: .999979258}
  m_LocalPosition: {x: -0, y: .00101821113, z: .053701181}
  m_LocalScale: {x: 1, y: .99999994, z: .99999994}
  m_Children:
  - {fileID: 460028}
  - {fileID: 424396}
  - {fileID: 499642}
  - {fileID: 436598}
  - {fileID: 497842}
  - {fileID: 482492}
  - {fileID: 414154}
  m_Father: {fileID: 409814}
  m_RootOrder: 1
--- !u!4 &407712
Transform:
  m_ObjectHideFlags: 1
  m_PrefabParentObject: {fileID: 0}
  m_PrefabInternal: {fileID: 100100000}
  m_GameObject: {fileID: 188850}
  m_LocalRotation: {x: 4.47034836e-08, y: 2.45079671e-22, z: 4.47034836e-08, w: 1}
  m_LocalPosition: {x: -.123190917, y: -.0111297602, z: -.0179345701}
  m_LocalScale: {x: 1, y: 1, z: 1}
  m_Children:
  - {fileID: 448032}
  m_Father: {fileID: 423140}
  m_RootOrder: 0
--- !u!4 &409814
Transform:
  m_ObjectHideFlags: 1
  m_PrefabParentObject: {fileID: 0}
  m_PrefabInternal: {fileID: 100100000}
  m_GameObject: {fileID: 192126}
  m_LocalRotation: {x: 0, y: -0, z: -2.31587454e-36, w: 1}
  m_LocalPosition: {x: -2.6469779e-25, y: .0402661115, z: .00858520344}
  m_LocalScale: {x: 1, y: 1, z: 1}
  m_Children:
  - {fileID: 428750}
  - {fileID: 407190}
  - {fileID: 493882}
  - {fileID: 480848}
  - {fileID: 425088}
  - {fileID: 405872}
  - {fileID: 485542}
  - {fileID: 434316}
  - {fileID: 482444}
  - {fileID: 457926}
  - {fileID: 490978}
  - {fileID: 488162}
  - {fileID: 461732}
  - {fileID: 488156}
  - {fileID: 470906}
  - {fileID: 491318}
  - {fileID: 465858}
  - {fileID: 430894}
  m_Father: {fileID: 478650}
  m_RootOrder: 0
--- !u!4 &410324
Transform:
  m_ObjectHideFlags: 1
  m_PrefabParentObject: {fileID: 0}
  m_PrefabInternal: {fileID: 100100000}
  m_GameObject: {fileID: 147096}
  m_LocalRotation: {x: 2.9703914e-08, y: 1.36420812e-08, z: -1.60618363e-08, w: 1}
  m_LocalPosition: {x: .0365275815, y: 3.8471646e-11, z: 0}
  m_LocalScale: {x: 1, y: 1, z: 1}
  m_Children:
  - {fileID: 473576}
  m_Father: {fileID: 403288}
  m_RootOrder: 0
--- !u!4 &414154
Transform:
  m_ObjectHideFlags: 1
  m_PrefabParentObject: {fileID: 0}
  m_PrefabInternal: {fileID: 100100000}
  m_GameObject: {fileID: 189606}
  m_LocalRotation: {x: -1.93577208e-08, y: 0, z: -0, w: 1}
  m_LocalPosition: {x: -7.9409337e-25, y: -.0216574576, z: .0814166814}
  m_LocalScale: {x: 1, y: 1.00000012, z: 1.00000012}
  m_Children: []
  m_Father: {fileID: 407190}
  m_RootOrder: 6
--- !u!4 &416674
Transform:
  m_ObjectHideFlags: 1
  m_PrefabParentObject: {fileID: 0}
  m_PrefabInternal: {fileID: 100100000}
  m_GameObject: {fileID: 181370}
  m_LocalRotation: {x: 0, y: 0, z: 0, w: 1}
  m_LocalPosition: {x: -0, y: 8.67361719e-21, z: .126999989}
  m_LocalScale: {x: 1, y: 1, z: 1}
  m_Children: []
  m_Father: {fileID: 491454}
  m_RootOrder: 0
--- !u!4 &421392
Transform:
  m_ObjectHideFlags: 1
  m_PrefabParentObject: {fileID: 0}
  m_PrefabInternal: {fileID: 100100000}
  m_GameObject: {fileID: 101766}
  m_LocalRotation: {x: -.0137919588, y: 1.08624977e-06, z: 7.758227e-05, w: .999904931}
  m_LocalPosition: {x: .0963378921, y: -.0327325426, z: -7.15255721e-09}
  m_LocalScale: {x: 1, y: 1, z: 1}
  m_Children:
  - {fileID: 426416}
  m_Father: {fileID: 429282}
  m_RootOrder: 1
--- !u!4 &423140
Transform:
  m_ObjectHideFlags: 1
  m_PrefabParentObject: {fileID: 0}
  m_PrefabInternal: {fileID: 100100000}
  m_GameObject: {fileID: 143822}
  m_LocalRotation: {x: -4.47034836e-08, y: 4.26325574e-14, z: -4.47032562e-08, w: 1}
  m_LocalPosition: {x: -.0614422597, y: .101870112, z: -.0379324332}
  m_LocalScale: {x: 1, y: 1, z: 1}
  m_Children:
  - {fileID: 407712}
  m_Father: {fileID: 496242}
  m_RootOrder: 0
--- !u!4 &424396
Transform:
  m_ObjectHideFlags: 1
  m_PrefabParentObject: {fileID: 0}
  m_PrefabInternal: {fileID: 100100000}
  m_GameObject: {fileID: 164330}
  m_LocalRotation: {x: -1.93577208e-08, y: 0, z: -0, w: 1}
  m_LocalPosition: {x: -.0382503271, y: -.00510718161, z: .0708583593}
  m_LocalScale: {x: 1, y: 1.00000012, z: 1.00000012}
  m_Children: []
  m_Father: {fileID: 407190}
  m_RootOrder: 1
--- !u!4 &424412
Transform:
  m_ObjectHideFlags: 1
  m_PrefabParentObject: {fileID: 0}
  m_PrefabInternal: {fileID: 100100000}
  m_GameObject: {fileID: 128536}
  m_LocalRotation: {x: -5.20417043e-18, y: 4.26329267e-14, z: 2.27373703e-13, w: 1}
  m_LocalPosition: {x: -0, y: .13877441, z: -.0435418673}
  m_LocalScale: {x: 1, y: 1, z: 1}
  m_Children:
  - {fileID: 478650}
  m_Father: {fileID: 496242}
  m_RootOrder: 1
--- !u!4 &425088
Transform:
  m_ObjectHideFlags: 1
  m_PrefabParentObject: {fileID: 0}
  m_PrefabInternal: {fileID: 100100000}
  m_GameObject: {fileID: 135076}
  m_LocalRotation: {x: 0, y: 0, z: 0, w: 1}
  m_LocalPosition: {x: -.0357169993, y: .0765711218, z: .1158223}
  m_LocalScale: {x: 1, y: 1, z: 1}
  m_Children: []
  m_Father: {fileID: 409814}
  m_RootOrder: 4
--- !u!4 &425974
Transform:
  m_ObjectHideFlags: 1
  m_PrefabParentObject: {fileID: 0}
  m_PrefabInternal: {fileID: 100100000}
  m_GameObject: {fileID: 108998}
  m_LocalRotation: {x: -.025400117, y: -.0376833156, z: .0283569898, w: .998564303}
  m_LocalPosition: {x: .044165276, y: -.0137026245, z: .0213502329}
  m_LocalScale: {x: 1, y: 1, z: 1}
  m_Children:
  - {fileID: 450546}
  m_Father: {fileID: 450160}
  m_RootOrder: 0
--- !u!4 &426416
Transform:
  m_ObjectHideFlags: 1
  m_PrefabParentObject: {fileID: 0}
  m_PrefabInternal: {fileID: 100100000}
  m_GameObject: {fileID: 172894}
  m_LocalRotation: {x: .659144163, y: -5.28180408e-06, z: 4.3903292e-06, w: .752016604}
  m_LocalPosition: {x: 5.66549332e-08, y: -.417299986, z: -.0172994658}
  m_LocalScale: {x: 1, y: 1, z: 1}
  m_Children:
  - {fileID: 401468}
  m_Father: {fileID: 421392}
  m_RootOrder: 0
--- !u!4 &428630
Transform:
  m_ObjectHideFlags: 1
  m_PrefabParentObject: {fileID: 0}
  m_PrefabInternal: {fileID: 100100000}
  m_GameObject: {fileID: 141894}
  m_LocalRotation: {x: 0, y: 0, z: 0, w: 1}
  m_LocalPosition: {x: 0, y: 0, z: 0}
  m_LocalScale: {x: 1, y: 1, z: 1}
  m_Children: []
  m_Father: {fileID: 454526}
  m_RootOrder: 2
--- !u!4 &428750
Transform:
  m_ObjectHideFlags: 1
  m_PrefabParentObject: {fileID: 0}
  m_PrefabInternal: {fileID: 100100000}
  m_GameObject: {fileID: 189830}
  m_LocalRotation: {x: 0, y: 0, z: 0, w: 1}
  m_LocalPosition: {x: -5.17045827e-18, y: .248092577, z: .00123128889}
  m_LocalScale: {x: 1, y: 1, z: 1}
  m_Children: []
  m_Father: {fileID: 409814}
  m_RootOrder: 0
--- !u!4 &429208
Transform:
  m_ObjectHideFlags: 1
  m_PrefabParentObject: {fileID: 0}
  m_PrefabInternal: {fileID: 100100000}
  m_GameObject: {fileID: 144334}
  m_LocalRotation: {x: 7.02051324e-08, y: .020497825, z: -.0293207802, w: .999359846}
  m_LocalPosition: {x: -.103945345, y: .0061476063, z: .0270549227}
  m_LocalScale: {x: 1, y: 1, z: 1}
  m_Children:
  - {fileID: 437004}
  m_Father: {fileID: 490758}
  m_RootOrder: 0
--- !u!4 &429282
Transform:
  m_ObjectHideFlags: 1
  m_PrefabParentObject: {fileID: 0}
  m_PrefabInternal: {fileID: 100100000}
  m_GameObject: {fileID: 113556}
  m_LocalRotation: {x: -1.64499272e-15, y: -5.93193805e-09, z: 1.87865339e-07, w: 1}
  m_LocalPosition: {x: 5.18506083e-09, y: .963764191, z: -.000357492099}
  m_LocalScale: {x: 1, y: 1, z: 1}
  m_Children:
  - {fileID: 430048}
  - {fileID: 421392}
  - {fileID: 463342}
  m_Father: {fileID: 454526}
  m_RootOrder: 1
--- !u!4 &430048
Transform:
  m_ObjectHideFlags: 1
  m_PrefabParentObject: {fileID: 0}
  m_PrefabInternal: {fileID: 100100000}
  m_GameObject: {fileID: 109496}
  m_LocalRotation: {x: -.0138138151, y: 1.08832387e-06, z: 7.75765948e-05, w: .999904573}
  m_LocalPosition: {x: -.0963378921, y: -.0327325426, z: -7.15255721e-09}
  m_LocalScale: {x: 1, y: 1, z: 1}
  m_Children:
  - {fileID: 470940}
  m_Father: {fileID: 429282}
  m_RootOrder: 0
--- !u!4 &430894
Transform:
  m_ObjectHideFlags: 1
  m_PrefabParentObject: {fileID: 0}
  m_PrefabInternal: {fileID: 100100000}
  m_GameObject: {fileID: 179384}
  m_LocalRotation: {x: 0, y: 0, z: 0, w: 1}
  m_LocalPosition: {x: .0214520786, y: .0171410404, z: .157358557}
  m_LocalScale: {x: 1, y: 1, z: 1}
  m_Children: []
  m_Father: {fileID: 409814}
  m_RootOrder: 17
--- !u!4 &432824
Transform:
  m_ObjectHideFlags: 1
  m_PrefabParentObject: {fileID: 0}
  m_PrefabInternal: {fileID: 100100000}
  m_GameObject: {fileID: 160572}
  m_LocalRotation: {x: 3.87740943e-26, y: -4.26325709e-14, z: 6.82121026e-13, w: 1}
  m_LocalPosition: {x: -0, y: .162540287, z: -.00165605545}
  m_LocalScale: {x: 1, y: 1, z: 1}
  m_Children:
  - {fileID: 496242}
  m_Father: {fileID: 463342}
  m_RootOrder: 0
--- !u!4 &434316
Transform:
  m_ObjectHideFlags: 1
  m_PrefabParentObject: {fileID: 0}
  m_PrefabInternal: {fileID: 100100000}
  m_GameObject: {fileID: 121470}
  m_LocalRotation: {x: 0, y: 0, z: 0, w: 1}
  m_LocalPosition: {x: -.0530205294, y: .0944436416, z: .134605303}
  m_LocalScale: {x: 1, y: 1, z: 1}
  m_Children: []
  m_Father: {fileID: 409814}
  m_RootOrder: 7
--- !u!4 &435930
Transform:
  m_ObjectHideFlags: 1
  m_PrefabParentObject: {fileID: 0}
  m_PrefabInternal: {fileID: 100100000}
  m_GameObject: {fileID: 101872}
  m_LocalRotation: {x: 5.94078315e-08, y: 3.33335528e-08, z: 4.21361328e-08, w: 1}
  m_LocalPosition: {x: .0373635404, y: 2.84217088e-16, z: -3.330669e-18}
  m_LocalScale: {x: 1, y: 1, z: 1}
  m_Children:
  - {fileID: 456536}
  m_Father: {fileID: 475654}
  m_RootOrder: 0
--- !u!4 &436004
Transform:
  m_ObjectHideFlags: 1
  m_PrefabParentObject: {fileID: 0}
  m_PrefabInternal: {fileID: 100100000}
  m_GameObject: {fileID: 127720}
  m_LocalRotation: {x: -4.44298598e-09, y: .0204977728, z: -.0293207262, w: .999359846}
  m_LocalPosition: {x: -.104639068, y: .0061476049, z: .00429787254}
  m_LocalScale: {x: 1, y: 1, z: 1}
  m_Children:
  - {fileID: 448988}
  m_Father: {fileID: 490758}
  m_RootOrder: 1
--- !u!4 &436598
Transform:
  m_ObjectHideFlags: 1
  m_PrefabParentObject: {fileID: 0}
  m_PrefabInternal: {fileID: 100100000}
  m_GameObject: {fileID: 115166}
  m_LocalRotation: {x: -1.93577208e-08, y: 0, z: -0, w: 1}
  m_LocalPosition: {x: .0382503271, y: -.00510718161, z: .0708583593}
  m_LocalScale: {x: 1, y: 1.00000012, z: 1.00000012}
  m_Children: []
  m_Father: {fileID: 407190}
  m_RootOrder: 3
--- !u!4 &437004
Transform:
  m_ObjectHideFlags: 1
  m_PrefabParentObject: {fileID: 0}
  m_PrefabInternal: {fileID: 100100000}
  m_GameObject: {fileID: 125288}
  m_LocalRotation: {x: -1.03764677e-07, y: 1.48235317e-08, z: -1.51907154e-09, w: 1}
  m_LocalPosition: {x: -.0554928966, y: -2.84217088e-16, z: 4.44090399e-18}
  m_LocalScale: {x: 1, y: 1, z: 1}
  m_Children:
  - {fileID: 448956}
  m_Father: {fileID: 429208}
  m_RootOrder: 0
--- !u!4 &439100
Transform:
  m_ObjectHideFlags: 1
  m_PrefabParentObject: {fileID: 0}
  m_PrefabInternal: {fileID: 100100000}
  m_GameObject: {fileID: 110554}
  m_LocalRotation: {x: .0534707084, y: -.0497370511, z: .0457456671, w: .996280313}
  m_LocalPosition: {x: -.0237851329, y: -.0100289928, z: .0262093581}
  m_LocalScale: {x: 1, y: 1, z: 1}
  m_Children:
  - {fileID: 461004}
  m_Father: {fileID: 490758}
  m_RootOrder: 4
--- !u!4 &444134
Transform:
  m_ObjectHideFlags: 1
  m_PrefabParentObject: {fileID: 0}
  m_PrefabInternal: {fileID: 100100000}
  m_GameObject: {fileID: 157936}
  m_LocalRotation: {x: 0, y: 0, z: 0, w: 1}
  m_LocalPosition: {x: -.0249999985, y: 2.84217088e-16, z: 1.47911416e-33}
  m_LocalScale: {x: 1, y: 1, z: 1}
  m_Children: []
  m_Father: {fileID: 448956}
  m_RootOrder: 0
--- !u!4 &444516
Transform:
  m_ObjectHideFlags: 1
  m_PrefabParentObject: {fileID: 0}
  m_PrefabInternal: {fileID: 100100000}
  m_GameObject: {fileID: 107550}
  m_LocalRotation: {x: -1.49011612e-08, y: 4.26325641e-14, z: -4.47032562e-08, w: 1}
  m_LocalPosition: {x: .0614019744, y: .101870112, z: -.0379324332}
  m_LocalScale: {x: 1, y: 1, z: 1}
  m_Children:
  - {fileID: 474164}
  m_Father: {fileID: 496242}
  m_RootOrder: 2
--- !u!4 &444798
Transform:
  m_ObjectHideFlags: 1
  m_PrefabParentObject: {fileID: 0}
  m_PrefabInternal: {fileID: 100100000}
  m_GameObject: {fileID: 152620}
  m_LocalRotation: {x: 0, y: 0, z: 0, w: 1}
  m_LocalPosition: {x: -3.19480896e-05, y: -1.73472344e-20, z: .126999989}
  m_LocalScale: {x: 1, y: 1, z: 1}
  m_Children: []
  m_Father: {fileID: 402764}
  m_RootOrder: 0
--- !u!4 &445492
Transform:
  m_ObjectHideFlags: 1
  m_PrefabParentObject: {fileID: 0}
  m_PrefabInternal: {fileID: 100100000}
  m_GameObject: {fileID: 153406}
  m_LocalRotation: {x: -4.45558719e-08, y: -1.48519579e-08, z: 1.20987398e-09, w: 1}
  m_LocalPosition: {x: .0537676662, y: 3.84719305e-11, z: 0}
  m_LocalScale: {x: 1, y: 1, z: 1}
  m_Children:
  - {fileID: 468156}
  m_Father: {fileID: 481434}
  m_RootOrder: 0
--- !u!4 &445506
Transform:
  m_ObjectHideFlags: 1
  m_PrefabParentObject: {fileID: 0}
  m_PrefabInternal: {fileID: 100100000}
  m_GameObject: {fileID: 169702}
  m_LocalRotation: {x: -2.96470493e-08, y: 2.50898502e-08, z: -4.75087134e-08, w: 1}
  m_LocalPosition: {x: -.0544523224, y: -2.84217088e-16, z: 4.44090399e-18}
  m_LocalScale: {x: 1, y: 1, z: 1}
  m_Children:
  - {fileID: 467836}
  m_Father: {fileID: 457190}
  m_RootOrder: 0
--- !u!4 &446248
Transform:
  m_ObjectHideFlags: 1
  m_PrefabParentObject: {fileID: 0}
  m_PrefabInternal: {fileID: 100100000}
  m_GameObject: {fileID: 142044}
  m_LocalRotation: {x: 1.83512672e-08, y: -.0198527351, z: .0227206778, w: .99954474}
  m_LocalPosition: {x: .10470213, y: .00387871708, z: -.0193628054}
  m_LocalScale: {x: 1, y: 1, z: 1}
  m_Children:
  - {fileID: 454602}
  m_Father: {fileID: 472202}
  m_RootOrder: 3
--- !u!4 &446690
Transform:
  m_ObjectHideFlags: 1
  m_PrefabParentObject: {fileID: 0}
  m_PrefabInternal: {fileID: 100100000}
  m_GameObject: {fileID: 133448}
  m_LocalRotation: {x: 3.53687168e-09, y: -.0198527239, z: .022720661, w: .99954474}
  m_LocalPosition: {x: .107596025, y: .00489580538, z: .00427798787}
  m_LocalScale: {x: 1, y: 1, z: 1}
  m_Children:
  - {fileID: 475654}
  m_Father: {fileID: 472202}
  m_RootOrder: 1
--- !u!4 &448032
Transform:
  m_ObjectHideFlags: 1
  m_PrefabParentObject: {fileID: 0}
  m_PrefabInternal: {fileID: 100100000}
  m_GameObject: {fileID: 145132}
  m_LocalRotation: {x: -5.44461649e-08, y: .406939477, z: -2.42554741e-08, w: .913455129}
  m_LocalPosition: {x: -.27687031, y: -5.25456372e-08, z: 1.11758771e-08}
  m_LocalScale: {x: 1, y: 1, z: 1}
  m_Children:
  - {fileID: 490758}
  m_Father: {fileID: 407712}
  m_RootOrder: 0
--- !u!4 &448956
Transform:
  m_ObjectHideFlags: 1
  m_PrefabParentObject: {fileID: 0}
  m_PrefabInternal: {fileID: 100100000}
  m_GameObject: {fileID: 101900}
  m_LocalRotation: {x: 7.06838745e-15, y: 8.74726691e-09, z: -6.08131927e-08, w: 1}
  m_LocalPosition: {x: -.0339111947, y: -5.68434176e-16, z: -2.22042118e-18}
  m_LocalScale: {x: 1, y: 1, z: 1}
  m_Children:
  - {fileID: 444134}
  m_Father: {fileID: 437004}
  m_RootOrder: 0
--- !u!4 &448988
Transform:
  m_ObjectHideFlags: 1
  m_PrefabParentObject: {fileID: 0}
  m_PrefabInternal: {fileID: 100100000}
  m_GameObject: {fileID: 108544}
  m_LocalRotation: {x: -7.07257374e-18, y: 2.96470564e-08, z: -3.03814129e-09, w: 1}
  m_LocalPosition: {x: -.057920903, y: 1.94117554e-25, z: 4.440892e-18}
  m_LocalScale: {x: 1, y: 1, z: 1}
  m_Children:
  - {fileID: 476570}
  m_Father: {fileID: 436004}
  m_RootOrder: 0
--- !u!4 &450160
Transform:
  m_ObjectHideFlags: 1
  m_PrefabParentObject: {fileID: 0}
  m_PrefabInternal: {fileID: 100100000}
  m_GameObject: {fileID: 161936}
  m_LocalRotation: {x: -.0380767845, y: -.13388665, z: -.00716565782, w: .990238965}
  m_LocalPosition: {x: .0326378681, y: -.010869652, z: .0296688005}
  m_LocalScale: {x: 1, y: 1, z: 1}
  m_Children:
  - {fileID: 425974}
  m_Father: {fileID: 454912}
  m_RootOrder: 0
--- !u!4 &450546
Transform:
  m_ObjectHideFlags: 1
  m_PrefabParentObject: {fileID: 0}
  m_PrefabInternal: {fileID: 100100000}
  m_GameObject: {fileID: 155854}
  m_LocalRotation: {x: 0, y: 0, z: 0, w: 1}
  m_LocalPosition: {x: .0259999987, y: -.00999999978, z: .00999999978}
  m_LocalScale: {x: 1, y: 1, z: 1}
  m_Children: []
  m_Father: {fileID: 425974}
  m_RootOrder: 0
--- !u!4 &451770
Transform:
  m_ObjectHideFlags: 1
  m_PrefabParentObject: {fileID: 0}
  m_PrefabInternal: {fileID: 100100000}
  m_GameObject: {fileID: 124358}
  m_LocalRotation: {x: 0, y: 0, z: 0, w: 1}
  m_LocalPosition: {x: .0219999999, y: -2.84217088e-16, z: 4.440892e-18}
  m_LocalScale: {x: 1, y: 1, z: 1}
  m_Children: []
  m_Father: {fileID: 484250}
  m_RootOrder: 0
--- !u!4 &454238
Transform:
  m_ObjectHideFlags: 1
  m_PrefabParentObject: {fileID: 0}
  m_PrefabInternal: {fileID: 100100000}
  m_GameObject: {fileID: 150676}
  m_LocalRotation: {x: -5.92941021e-08, y: -3.26851897e-08, z: -2.66089195e-08, w: 1}
  m_LocalPosition: {x: -.0281134248, y: -9.70587772e-26, z: -2.220446e-18}
  m_LocalScale: {x: 1, y: 1, z: 1}
  m_Children:
  - {fileID: 402780}
  m_Father: {fileID: 488674}
  m_RootOrder: 0
--- !u!4 &454526
Transform:
  m_ObjectHideFlags: 1
  m_PrefabParentObject: {fileID: 0}
  m_PrefabInternal: {fileID: 100100000}
  m_GameObject: {fileID: 128782}
  m_LocalRotation: {x: 0, y: 0, z: 0, w: 1}
  m_LocalPosition: {x: -.318120509, y: -3.66601848e-17, z: 1.6510278}
  m_LocalScale: {x: 1, y: 1, z: 1}
  m_Children:
  - {fileID: 460188}
  - {fileID: 429282}
  - {fileID: 428630}
  m_Father: {fileID: 0}
  m_RootOrder: 0
--- !u!4 &454602
Transform:
  m_ObjectHideFlags: 1
  m_PrefabParentObject: {fileID: 0}
  m_PrefabInternal: {fileID: 100100000}
  m_GameObject: {fileID: 198698}
  m_LocalRotation: {x: -2.97039122e-08, y: -2.60742823e-08, z: 4.69756252e-08, w: 1}
  m_LocalPosition: {x: .0540127605, y: 3.8471646e-11, z: 0}
  m_LocalScale: {x: 1, y: 1, z: 1}
  m_Children:
  - {fileID: 484250}
  m_Father: {fileID: 446248}
  m_RootOrder: 0
--- !u!4 &454912
Transform:
  m_ObjectHideFlags: 1
  m_PrefabParentObject: {fileID: 0}
  m_PrefabInternal: {fileID: 100100000}
  m_GameObject: {fileID: 158406}
  m_LocalRotation: {x: .0611782447, y: .0684559941, z: -.0422197655, w: .994881153}
  m_LocalPosition: {x: .0251776613, y: -.00936666969, z: .0251366831}
  m_LocalScale: {x: 1, y: 1, z: 1}
  m_Children:
  - {fileID: 450160}
  m_Father: {fileID: 472202}
  m_RootOrder: 4
--- !u!4 &456536
Transform:
  m_ObjectHideFlags: 1
  m_PrefabParentObject: {fileID: 0}
  m_PrefabInternal: {fileID: 100100000}
  m_GameObject: {fileID: 110526}
  m_LocalRotation: {x: 0, y: 0, z: 0, w: 1}
  m_LocalPosition: {x: .0229999982, y: 5.68434176e-16, z: -2.220446e-18}
  m_LocalScale: {x: 1, y: 1, z: 1}
  m_Children: []
  m_Father: {fileID: 435930}
  m_RootOrder: 0
--- !u!4 &457190
Transform:
  m_ObjectHideFlags: 1
  m_PrefabParentObject: {fileID: 0}
  m_PrefabInternal: {fileID: 100100000}
  m_GameObject: {fileID: 139450}
  m_LocalRotation: {x: 2.55843382e-08, y: .0204977989, z: -.0293207448, w: .999359846}
  m_LocalPosition: {x: -.103251636, y: .0032113248, z: -.0187554192}
  m_LocalScale: {x: 1, y: 1, z: 1}
  m_Children:
  - {fileID: 445506}
  m_Father: {fileID: 490758}
  m_RootOrder: 3
--- !u!4 &457926
Transform:
  m_ObjectHideFlags: 1
  m_PrefabParentObject: {fileID: 0}
  m_PrefabInternal: {fileID: 100100000}
  m_GameObject: {fileID: 185306}
  m_LocalRotation: {x: 0, y: 0, z: 0, w: 1}
  m_LocalPosition: {x: -.0214520786, y: .0171410404, z: .157358557}
  m_LocalScale: {x: 1, y: 1, z: 1}
  m_Children: []
  m_Father: {fileID: 409814}
  m_RootOrder: 9
--- !u!4 &460028
Transform:
  m_ObjectHideFlags: 1
  m_PrefabParentObject: {fileID: 0}
  m_PrefabInternal: {fileID: 100100000}
  m_GameObject: {fileID: 184412}
  m_LocalRotation: {x: -1.93577208e-08, y: 0, z: -0, w: 1}
  m_LocalPosition: {x: -7.9409337e-25, y: -.0258113872, z: .0978505984}
  m_LocalScale: {x: 1, y: 1.00000012, z: 1.00000012}
  m_Children: []
  m_Father: {fileID: 407190}
  m_RootOrder: 0
--- !u!4 &460188
Transform:
  m_ObjectHideFlags: 1
  m_PrefabParentObject: {fileID: 0}
  m_PrefabInternal: {fileID: 100100000}
  m_GameObject: {fileID: 146540}
  m_LocalRotation: {x: 0, y: 0, z: 0, w: 1}
  m_LocalPosition: {x: 0, y: 0, z: 0}
  m_LocalScale: {x: 1, y: 1, z: 1}
  m_Children: []
  m_Father: {fileID: 454526}
  m_RootOrder: 0
--- !u!4 &461004
Transform:
  m_ObjectHideFlags: 1
  m_PrefabParentObject: {fileID: 0}
  m_PrefabInternal: {fileID: 100100000}
  m_GameObject: {fileID: 173962}
  m_LocalRotation: {x: -.0352053046, y: .1176726, z: -.000126949686, w: .992428184}
  m_LocalPosition: {x: -.0336236879, y: -.0100289918, z: .0283977166}
  m_LocalScale: {x: 1, y: 1, z: 1}
  m_Children:
  - {fileID: 462296}
  m_Father: {fileID: 439100}
  m_RootOrder: 0
--- !u!4 &461732
Transform:
  m_ObjectHideFlags: 1
  m_PrefabParentObject: {fileID: 0}
  m_PrefabInternal: {fileID: 100100000}
  m_GameObject: {fileID: 165056}
  m_LocalRotation: {x: 0, y: 0, z: 0, w: 1}
  m_LocalPosition: {x: .0357169993, y: .0765711218, z: .1158223}
  m_LocalScale: {x: 1, y: 1, z: 1}
  m_Children: []
  m_Father: {fileID: 409814}
  m_RootOrder: 12
--- !u!4 &462296
Transform:
  m_ObjectHideFlags: 1
  m_PrefabParentObject: {fileID: 0}
  m_PrefabInternal: {fileID: 100100000}
  m_GameObject: {fileID: 140990}
  m_LocalRotation: {x: -.0272439159, y: .0379604362, z: -.0328736864, w: .998366714}
  m_LocalPosition: {x: -.0450179465, y: -.0134449983, z: .0217826758}
  m_LocalScale: {x: 1, y: 1, z: 1}
  m_Children:
  - {fileID: 402466}
  m_Father: {fileID: 461004}
  m_RootOrder: 0
--- !u!4 &463342
Transform:
  m_ObjectHideFlags: 1
  m_PrefabParentObject: {fileID: 0}
  m_PrefabInternal: {fileID: 100100000}
  m_GameObject: {fileID: 102650}
  m_LocalRotation: {x: 1.64498753e-15, y: 5.93193805e-09, z: -1.87866249e-07, w: 1}
  m_LocalPosition: {x: 2.6469779e-25, y: .0922631845, z: .0157713313}
  m_LocalScale: {x: 1, y: 1, z: 1}
  m_Children:
  - {fileID: 432824}
  m_Father: {fileID: 429282}
  m_RootOrder: 2
--- !u!4 &465858
Transform:
  m_ObjectHideFlags: 1
  m_PrefabParentObject: {fileID: 0}
  m_PrefabInternal: {fileID: 100100000}
  m_GameObject: {fileID: 132996}
  m_LocalRotation: {x: 0, y: 0, z: 0, w: 1}
  m_LocalPosition: {x: .0145013221, y: -.00616916036, z: .152763084}
  m_LocalScale: {x: 1, y: 1, z: 1}
  m_Children: []
  m_Father: {fileID: 409814}
  m_RootOrder: 16
--- !u!4 &467836
Transform:
  m_ObjectHideFlags: 1
  m_PrefabParentObject: {fileID: 0}
  m_PrefabInternal: {fileID: 100100000}
  m_GameObject: {fileID: 137038}
  m_LocalRotation: {x: 5.92941021e-08, y: -1.33044571e-08, z: 1.63425966e-08, w: 1}
  m_LocalPosition: {x: -.0371317305, y: -2.91176325e-25, z: -6.661338e-18}
  m_LocalScale: {x: 1, y: 1, z: 1}
  m_Children:
  - {fileID: 479794}
  m_Father: {fileID: 445506}
  m_RootOrder: 0
--- !u!4 &468074
Transform:
  m_ObjectHideFlags: 1
  m_PrefabParentObject: {fileID: 0}
  m_PrefabInternal: {fileID: 100100000}
  m_GameObject: {fileID: 154802}
  m_LocalRotation: {x: 0, y: 0, z: 0, w: 1}
  m_LocalPosition: {x: -.0229999982, y: 1.13686835e-15, z: 1.47911416e-33}
  m_LocalScale: {x: 1, y: 1, z: 1}
  m_Children: []
  m_Father: {fileID: 476570}
  m_RootOrder: 0
--- !u!4 &468156
Transform:
  m_ObjectHideFlags: 1
  m_PrefabParentObject: {fileID: 0}
  m_PrefabInternal: {fileID: 100100000}
  m_GameObject: {fileID: 181358}
  m_LocalRotation: {x: 2.97039175e-08, y: 1.72717147e-08, z: 2.84940569e-08, w: 1}
  m_LocalPosition: {x: .0338546894, y: -9.70587587e-26, z: -6.661338e-18}
  m_LocalScale: {x: 1, y: 1, z: 1}
  m_Children:
  - {fileID: 405534}
  m_Father: {fileID: 445492}
  m_RootOrder: 0
--- !u!4 &470906
Transform:
  m_ObjectHideFlags: 1
  m_PrefabParentObject: {fileID: 0}
  m_PrefabInternal: {fileID: 100100000}
  m_GameObject: {fileID: 160402}
  m_LocalRotation: {x: 0, y: 0, z: 0, w: 1}
  m_LocalPosition: {x: .0186104402, y: .0967895612, z: .149524108}
  m_LocalScale: {x: 1, y: 1, z: 1}
  m_Children: []
  m_Father: {fileID: 409814}
  m_RootOrder: 14
--- !u!4 &470940
Transform:
  m_ObjectHideFlags: 1
  m_PrefabParentObject: {fileID: 0}
  m_PrefabInternal: {fileID: 100100000}
  m_GameObject: {fileID: 101670}
  m_LocalRotation: {x: .66497618, y: -5.26742178e-06, z: 4.445988e-06, w: .746864557}
  m_LocalPosition: {x: 1.66670571e-08, y: -.417300016, z: -.0172996037}
  m_LocalScale: {x: 1, y: 1, z: 1}
  m_Children:
  - {fileID: 481322}
  m_Father: {fileID: 430048}
  m_RootOrder: 0
--- !u!4 &472202
Transform:
  m_ObjectHideFlags: 1
  m_PrefabParentObject: {fileID: 0}
  m_PrefabInternal: {fileID: 100100000}
  m_GameObject: {fileID: 152806}
  m_LocalRotation: {x: .0406118408, y: .0207594763, z: -.0218953062, w: .998719335}
  m_LocalPosition: {x: .278737783, y: 0, z: 0}
  m_LocalScale: {x: 1, y: 1, z: 1}
  m_Children:
  - {fileID: 481434}
  - {fileID: 446690}
  - {fileID: 403288}
  - {fileID: 446248}
  - {fileID: 454912}
  m_Father: {fileID: 487752}
  m_RootOrder: 0
--- !u!4 &473576
Transform:
  m_ObjectHideFlags: 1
  m_PrefabParentObject: {fileID: 0}
  m_PrefabInternal: {fileID: 100100000}
  m_GameObject: {fileID: 145104}
  m_LocalRotation: {x: -8.91117438e-08, y: -1.10424952e-16, z: -1.35553234e-15, w: 1}
  m_LocalPosition: {x: .027820332, y: -5.68434176e-16, z: -2.22042118e-18}
  m_LocalScale: {x: 1, y: 1, z: 1}
  m_Children:
  - {fileID: 489762}
  m_Father: {fileID: 410324}
  m_RootOrder: 0
--- !u!4 &474164
Transform:
  m_ObjectHideFlags: 1
  m_PrefabParentObject: {fileID: 0}
  m_PrefabInternal: {fileID: 100100000}
  m_GameObject: {fileID: 157556}
  m_LocalRotation: {x: 1.49011612e-08, y: 7.77565048e-24, z: 4.47034836e-08, w: 1}
  m_LocalPosition: {x: .123231195, y: -.0111297602, z: -.0179345701}
  m_LocalScale: {x: 1, y: 1, z: 1}
  m_Children:
  - {fileID: 487752}
  m_Father: {fileID: 444516}
  m_RootOrder: 0
--- !u!4 &475654
Transform:
  m_ObjectHideFlags: 1
  m_PrefabParentObject: {fileID: 0}
  m_PrefabInternal: {fileID: 100100000}
  m_GameObject: {fileID: 107744}
  m_LocalRotation: {x: -1.4851957e-08, y: -1.48519641e-08, z: 1.20988031e-09, w: 1}
  m_LocalPosition: {x: .056167677, y: 3.8471646e-11, z: 0}
  m_LocalScale: {x: 1, y: 1, z: 1}
  m_Children:
  - {fileID: 435930}
  m_Father: {fileID: 446690}
  m_RootOrder: 0
--- !u!4 &476570
Transform:
  m_ObjectHideFlags: 1
  m_PrefabParentObject: {fileID: 0}
  m_PrefabInternal: {fileID: 100100000}
  m_GameObject: {fileID: 119958}
  m_LocalRotation: {x: 3.9381574e-16, y: -1.51906465e-09, z: -1.48235308e-08, w: 1}
  m_LocalPosition: {x: -.0371317305, y: -9.70587772e-26, z: -2.220446e-18}
  m_LocalScale: {x: 1, y: 1, z: 1}
  m_Children:
  - {fileID: 468074}
  m_Father: {fileID: 448988}
  m_RootOrder: 0
--- !u!4 &478650
Transform:
  m_ObjectHideFlags: 1
  m_PrefabParentObject: {fileID: 0}
  m_PrefabInternal: {fileID: 100100000}
  m_GameObject: {fileID: 139060}
  m_LocalRotation: {x: 0, y: 0, z: 0, w: 1}
  m_LocalPosition: {x: -0, y: .043400269, z: .0092689516}
  m_LocalScale: {x: 1, y: 1, z: 1}
  m_Children:
  - {fileID: 409814}
  m_Father: {fileID: 424412}
  m_RootOrder: 0
--- !u!4 &479794
Transform:
  m_ObjectHideFlags: 1
  m_PrefabParentObject: {fileID: 0}
  m_PrefabInternal: {fileID: 100100000}
  m_GameObject: {fileID: 140432}
  m_LocalRotation: {x: 0, y: 0, z: 0, w: 1}
  m_LocalPosition: {x: -.0199999996, y: -5.68434176e-16, z: 1.47911416e-33}
  m_LocalScale: {x: 1, y: 1, z: 1}
  m_Children: []
  m_Father: {fileID: 467836}
  m_RootOrder: 0
--- !u!4 &480848
Transform:
  m_ObjectHideFlags: 1
  m_PrefabParentObject: {fileID: 0}
  m_PrefabInternal: {fileID: 100100000}
  m_GameObject: {fileID: 193968}
  m_LocalRotation: {x: 0, y: 0, z: 0, w: 1}
  m_LocalPosition: {x: -.0357169993, y: .0765711218, z: .1158223}
  m_LocalScale: {x: 1, y: 1, z: 1}
  m_Children: []
  m_Father: {fileID: 409814}
  m_RootOrder: 3
--- !u!4 &481322
Transform:
  m_ObjectHideFlags: 1
  m_PrefabParentObject: {fileID: 0}
  m_PrefabInternal: {fileID: 100100000}
  m_GameObject: {fileID: 187108}
  m_LocalRotation: {x: -.0147058293, y: 3.58021543e-06, z: -7.7812263e-05, w: .999891877}
  m_LocalPosition: {x: -.000126047133, y: -.391899973, z: -.00847686734}
  m_LocalScale: {x: 1, y: 1, z: 1}
  m_Children:
  - {fileID: 491454}
  m_Father: {fileID: 470940}
  m_RootOrder: 0
--- !u!4 &481434
Transform:
  m_ObjectHideFlags: 1
  m_PrefabParentObject: {fileID: 0}
  m_PrefabInternal: {fileID: 100100000}
  m_GameObject: {fileID: 118024}
  m_LocalRotation: {x: 3.46860984e-09, y: -.019852763, z: .0227207094, w: .99954474}
  m_LocalPosition: {x: .104665048, y: .00489580631, z: .0271196291}
  m_LocalScale: {x: 1, y: 1, z: 1}
  m_Children:
  - {fileID: 445492}
  m_Father: {fileID: 472202}
  m_RootOrder: 0
--- !u!4 &482444
Transform:
  m_ObjectHideFlags: 1
  m_PrefabParentObject: {fileID: 0}
  m_PrefabInternal: {fileID: 100100000}
  m_GameObject: {fileID: 193100}
  m_LocalRotation: {x: 0, y: 0, z: 0, w: 1}
  m_LocalPosition: {x: -.0145013221, y: -.00616916036, z: .152763084}
  m_LocalScale: {x: 1, y: 1, z: 1}
  m_Children: []
  m_Father: {fileID: 409814}
  m_RootOrder: 8
--- !u!4 &482492
Transform:
  m_ObjectHideFlags: 1
  m_PrefabParentObject: {fileID: 0}
  m_PrefabInternal: {fileID: 100100000}
  m_GameObject: {fileID: 108712}
  m_LocalRotation: {x: -1.93577208e-08, y: 0, z: -0, w: 1}
  m_LocalPosition: {x: -7.9409337e-25, y: -.011488799, z: .0531587489}
  m_LocalScale: {x: 1, y: 1.00000012, z: 1.00000012}
  m_Children: []
  m_Father: {fileID: 407190}
  m_RootOrder: 5
--- !u!4 &484250
Transform:
  m_ObjectHideFlags: 1
  m_PrefabParentObject: {fileID: 0}
  m_PrefabInternal: {fileID: 100100000}
  m_GameObject: {fileID: 144756}
  m_LocalRotation: {x: 5.94078244e-08, y: 8.80257023e-09, z: -7.54696785e-08, w: 1}
  m_LocalPosition: {x: .033915963, y: 2.84217088e-16, z: -2.220446e-18}
  m_LocalScale: {x: 1, y: 1, z: 1}
  m_Children:
  - {fileID: 451770}
  m_Father: {fileID: 454602}
  m_RootOrder: 0
--- !u!4 &485542
Transform:
  m_ObjectHideFlags: 1
  m_PrefabParentObject: {fileID: 0}
  m_PrefabInternal: {fileID: 100100000}
  m_GameObject: {fileID: 190042}
  m_LocalRotation: {x: 0, y: 0, z: 0, w: 1}
  m_LocalPosition: {x: -.0186104402, y: .0967895612, z: .149524108}
  m_LocalScale: {x: 1, y: 1, z: 1}
  m_Children: []
  m_Father: {fileID: 409814}
  m_RootOrder: 6
--- !u!4 &487752
Transform:
  m_ObjectHideFlags: 1
  m_PrefabParentObject: {fileID: 0}
  m_PrefabInternal: {fileID: 100100000}
  m_GameObject: {fileID: 115388}
  m_LocalRotation: {x: -5.46259997e-08, y: -.400098324, z: 2.38477131e-08, w: .916472256}
  m_LocalPosition: {x: .276870131, y: -3.22046994e-08, z: 2.04890966e-08}
  m_LocalScale: {x: 1, y: 1, z: 1}
  m_Children:
  - {fileID: 472202}
  m_Father: {fileID: 474164}
  m_RootOrder: 0
--- !u!4 &488156
Transform:
  m_ObjectHideFlags: 1
  m_PrefabParentObject: {fileID: 0}
  m_PrefabInternal: {fileID: 100100000}
  m_GameObject: {fileID: 158286}
  m_LocalRotation: {x: 0, y: 0, z: 0, w: 1}
  m_LocalPosition: {x: .0357169993, y: .0765711218, z: .1158223}
  m_LocalScale: {x: 1, y: 1, z: 1}
  m_Children: []
  m_Father: {fileID: 409814}
  m_RootOrder: 13
--- !u!4 &488162
Transform:
  m_ObjectHideFlags: 1
  m_PrefabParentObject: {fileID: 0}
  m_PrefabInternal: {fileID: 100100000}
  m_GameObject: {fileID: 121624}
  m_LocalRotation: {x: 0, y: 0, z: 0, w: 1}
  m_LocalPosition: {x: .0357169993, y: .0765711218, z: .1158223}
  m_LocalScale: {x: 1, y: 1, z: 1}
  m_Children: []
  m_Father: {fileID: 409814}
  m_RootOrder: 11
--- !u!4 &488674
Transform:
  m_ObjectHideFlags: 1
  m_PrefabParentObject: {fileID: 0}
  m_PrefabInternal: {fileID: 100100000}
  m_GameObject: {fileID: 104498}
  m_LocalRotation: {x: 2.9647051e-08, y: -1.33044598e-08, z: 1.63425966e-08, w: 1}
  m_LocalPosition: {x: -.0367625616, y: 5.82352651e-25, z: 1.3322676e-17}
  m_LocalScale: {x: 1, y: 1, z: 1}
  m_Children:
  - {fileID: 454238}
  m_Father: {fileID: 402960}
  m_RootOrder: 0
--- !u!4 &489762
Transform:
  m_ObjectHideFlags: 1
  m_PrefabParentObject: {fileID: 0}
  m_PrefabInternal: {fileID: 100100000}
  m_GameObject: {fileID: 196818}
  m_LocalRotation: {x: 0, y: 0, z: 0, w: 1}
  m_LocalPosition: {x: .029000001, y: -2.84217088e-16, z: 0}
  m_LocalScale: {x: 1, y: 1, z: 1}
  m_Children: []
  m_Father: {fileID: 473576}
  m_RootOrder: 0
--- !u!4 &490758
Transform:
  m_ObjectHideFlags: 1
  m_PrefabParentObject: {fileID: 0}
  m_PrefabInternal: {fileID: 100100000}
  m_GameObject: {fileID: 196302}
  m_LocalRotation: {x: .0510053448, y: -.0219675433, z: .028236378, w: .998057425}
  m_LocalPosition: {x: -.278737783, y: 0, z: 0}
  m_LocalScale: {x: 1, y: 1, z: 1}
  m_Children:
  - {fileID: 429208}
  - {fileID: 436004}
  - {fileID: 402960}
  - {fileID: 457190}
  - {fileID: 439100}
  m_Father: {fileID: 448032}
  m_RootOrder: 0
--- !u!4 &490978
Transform:
  m_ObjectHideFlags: 1
  m_PrefabParentObject: {fileID: 0}
  m_PrefabInternal: {fileID: 100100000}
  m_GameObject: {fileID: 147510}
  m_LocalRotation: {x: 0, y: 0, z: 0, w: 1}
  m_LocalPosition: {x: .0492222309, y: .0332196392, z: .129197583}
  m_LocalScale: {x: 1, y: 1, z: 1}
  m_Children: []
  m_Father: {fileID: 409814}
  m_RootOrder: 10
--- !u!4 &491318
Transform:
  m_ObjectHideFlags: 1
  m_PrefabParentObject: {fileID: 0}
  m_PrefabInternal: {fileID: 100100000}
  m_GameObject: {fileID: 175372}
  m_LocalRotation: {x: 0, y: 0, z: 0, w: 1}
  m_LocalPosition: {x: .0530205294, y: .0944436416, z: .134605303}
  m_LocalScale: {x: 1, y: 1, z: 1}
  m_Children: []
  m_Father: {fileID: 409814}
  m_RootOrder: 15
--- !u!4 &491454
Transform:
  m_ObjectHideFlags: 1
  m_PrefabParentObject: {fileID: 0}
  m_PrefabInternal: {fileID: 100100000}
  m_GameObject: {fileID: 149368}
  m_LocalRotation: {x: 2.42143834e-08, y: 1.17847052e-10, z: 9.3131497e-10, w: 1}
  m_LocalPosition: {x: .00183286658, y: -.121930853, z: .0828226358}
  m_LocalScale: {x: 1, y: 1, z: 1}
  m_Children:
  - {fileID: 416674}
  m_Father: {fileID: 481322}
  m_RootOrder: 0
--- !u!4 &493882
Transform:
  m_ObjectHideFlags: 1
  m_PrefabParentObject: {fileID: 0}
  m_PrefabInternal: {fileID: 100100000}
  m_GameObject: {fileID: 118608}
  m_LocalRotation: {x: 0, y: 0, z: 0, w: 1}
  m_LocalPosition: {x: -.0492222309, y: .0332196392, z: .129197583}
  m_LocalScale: {x: 1, y: 1, z: 1}
  m_Children: []
  m_Father: {fileID: 409814}
  m_RootOrder: 2
--- !u!4 &496242
Transform:
  m_ObjectHideFlags: 1
  m_PrefabParentObject: {fileID: 0}
  m_PrefabInternal: {fileID: 100100000}
  m_GameObject: {fileID: 176722}
  m_LocalRotation: {x: 0, y: 0, z: 1.80564226e-35, w: 1}
  m_LocalPosition: {x: -0, y: .136396483, z: -.0129230497}
  m_LocalScale: {x: 1, y: 1, z: 1}
  m_Children:
  - {fileID: 423140}
  - {fileID: 424412}
  - {fileID: 444516}
  m_Father: {fileID: 432824}
  m_RootOrder: 0
--- !u!4 &497842
Transform:
  m_ObjectHideFlags: 1
  m_PrefabParentObject: {fileID: 0}
  m_PrefabInternal: {fileID: 100100000}
  m_GameObject: {fileID: 157276}
  m_LocalRotation: {x: -1.93577208e-08, y: 0, z: -0, w: 1}
  m_LocalPosition: {x: .0142508168, y: -.0202610269, z: .092385903}
  m_LocalScale: {x: 1, y: 1.00000012, z: 1.00000012}
  m_Children: []
  m_Father: {fileID: 407190}
  m_RootOrder: 4
--- !u!4 &499642
Transform:
  m_ObjectHideFlags: 1
  m_PrefabParentObject: {fileID: 0}
  m_PrefabInternal: {fileID: 100100000}
  m_GameObject: {fileID: 126944}
  m_LocalRotation: {x: -1.93577208e-08, y: 0, z: -0, w: 1}
  m_LocalPosition: {x: -.0142508168, y: -.0202610269, z: .092385903}
  m_LocalScale: {x: 1, y: 1.00000012, z: 1.00000012}
  m_Children: []
  m_Father: {fileID: 407190}
  m_RootOrder: 2
--- !u!95 &9529292
Animator:
  serializedVersion: 3
  m_ObjectHideFlags: 1
  m_PrefabParentObject: {fileID: 0}
  m_PrefabInternal: {fileID: 100100000}
  m_GameObject: {fileID: 128782}
  m_Enabled: 1
  m_Avatar: {fileID: 9000000, guid: 13cc33d4508b3c74ab96a13a901f7e7f, type: 3}
  m_Controller: {fileID: 0}
  m_CullingMode: 1
  m_UpdateMode: 0
  m_ApplyRootMotion: 1
  m_LinearVelocityBlending: 0
  m_WarningMessage: 
  m_HasTransformHierarchy: 1
  m_AllowConstantClipSamplingOptimization: 1
--- !u!137 &13743970
SkinnedMeshRenderer:
  m_ObjectHideFlags: 1
  m_PrefabParentObject: {fileID: 0}
  m_PrefabInternal: {fileID: 100100000}
  m_GameObject: {fileID: 141894}
  m_Enabled: 1
  m_CastShadows: 1
  m_ReceiveShadows: 1
  m_Materials:
  - {fileID: 2100000, guid: a98e85428534e424a98995338fbfb1fc, type: 2}
  m_SubsetIndices: 
  m_StaticBatchRoot: {fileID: 0}
  m_UseLightProbes: 1
  m_ReflectionProbeUsage: 1
  m_ProbeAnchor: {fileID: 0}
  m_ScaleInLightmap: 1
  m_PreserveUVs: 0
  m_ImportantGI: 0
  m_AutoUVMaxDistance: .5
  m_AutoUVMaxAngle: 89
  m_LightmapParameters: {fileID: 0}
  m_SortingLayerID: 0
  m_SortingOrder: 0
  serializedVersion: 2
  m_Quality: 0
  m_UpdateWhenOffscreen: 0
  m_Mesh: {fileID: 4300000, guid: 13cc33d4508b3c74ab96a13a901f7e7f, type: 3}
  m_Bones:
  - {fileID: 402764}
  - {fileID: 401468}
  - {fileID: 426416}
  - {fileID: 421392}
  - {fileID: 491454}
  - {fileID: 481322}
  - {fileID: 470940}
  - {fileID: 430048}
  - {fileID: 473576}
  - {fileID: 410324}
  - {fileID: 403288}
  - {fileID: 484250}
  - {fileID: 454602}
  - {fileID: 446248}
  - {fileID: 435930}
  - {fileID: 475654}
  - {fileID: 446690}
  - {fileID: 468156}
  - {fileID: 445492}
  - {fileID: 481434}
  - {fileID: 425974}
  - {fileID: 450160}
  - {fileID: 454912}
  - {fileID: 472202}
  - {fileID: 487752}
  - {fileID: 474164}
  - {fileID: 444516}
  - {fileID: 454238}
  - {fileID: 488674}
  - {fileID: 402960}
  - {fileID: 467836}
  - {fileID: 445506}
  - {fileID: 457190}
  - {fileID: 448956}
  - {fileID: 437004}
  - {fileID: 429208}
  - {fileID: 476570}
  - {fileID: 448988}
  - {fileID: 436004}
  - {fileID: 462296}
  - {fileID: 461004}
  - {fileID: 439100}
  - {fileID: 490758}
  - {fileID: 448032}
  - {fileID: 407712}
  - {fileID: 423140}
  - {fileID: 465858}
  - {fileID: 430894}
  - {fileID: 490978}
  - {fileID: 461732}
  - {fileID: 488156}
  - {fileID: 491318}
  - {fileID: 470906}
  - {fileID: 434316}
  - {fileID: 485542}
  - {fileID: 405872}
  - {fileID: 425088}
  - {fileID: 493882}
  - {fileID: 457926}
  - {fileID: 482444}
  - {fileID: 424396}
  - {fileID: 436598}
  - {fileID: 497842}
  - {fileID: 460028}
  - {fileID: 499642}
  - {fileID: 414154}
  - {fileID: 482492}
  - {fileID: 407190}
  - {fileID: 488162}
  - {fileID: 480848}
  - {fileID: 409814}
  - {fileID: 478650}
  - {fileID: 424412}
  - {fileID: 496242}
  - {fileID: 432824}
  - {fileID: 463342}
  - {fileID: 429282}
  m_BlendShapeWeights: []
  m_RootBone: {fileID: 429282}
  m_AABB:
    m_Center: {x: -3.60608101e-05, y: -.0481757224, z: .00182599574}
    m_Extent: {x: .963743627, y: .918883681, z: .185444027}
  m_DirtyAABB: 0
--- !u!1001 &100100000
Prefab:
  m_ObjectHideFlags: 1
  serializedVersion: 2
  m_Modification:
    m_TransformParent: {fileID: 0}
    m_Modifications: []
    m_RemovedComponents: []
  m_ParentPrefab: {fileID: 0}
  m_RootGameObject: {fileID: 128782}
  m_IsPrefabParent: 1
